2669 4354
433 253 516 311 34
1425 270 1643 312 omno

430 447 538 499 tus,
640 441 711 499 In
770 442 893 501 eius
947 442 1105 500 modi
1162 443 1318 516 vita,
1375 441 1631 516 iudiceS,
1692 443 1752 500 in
1811 443 1900 501 his
1948 447 2035 500 tot
2079 442 2371 515 tantisque
2413 442 2608 515 flagitiis

288 536 412 593 118
430 530 540 588 hoc
579 547 803 604 quoque
841 528 1218 604 maleficium,
1263 530 1337 588 de
1384 547 1495 602 quo
1540 530 1816 589 iudicium
1850 536 1969 604 est,
2017 531 2344 603 reperietis,
2416 531 2610 588 Etenim

431 634 719 691 quaerere
779 620 865 677 ita
922 618 1183 678 debetis:
1243 618 1343 677 ubi
1388 619 1569 677 multa
1613 635 1788 678 avare
1806 663 1822 692 ,
1881 620 2062 677 multa
2106 619 2412 692 audacter,
2470 619 2610 676 mults

432 707 690 779 improbe
707 751 722 780 ,
797 707 975 765 multa
1042 704 1350 780 perfidiose
1421 704 1581 765 facta
1637 706 1909 766 videbitis
1928 751 1944 780 ,
2018 707 2099 765 ibi
2162 708 2352 766 scelus
2426 723 2609 780 quoque

432 794 621 853 latere
691 796 847 853 inter
905 795 1009 853 illa
1075 800 1164 854 tot
1228 793 1453 868 flagitia
1521 798 1801 867 putatote.
1916 795 2171 852 Tametsi
2238 794 2349 853 hoc
2417 794 2610 867 quidem

431 883 666 941 minime
712 884 880 956 latet,
928 883 1079 956 quod
1121 884 1206 941 ita
1251 888 1581 955 promptum
1623 887 1684 941 et
1724 883 2081 955 propositum
2129 888 2247 957 est,
2312 888 2377 941 ut
2421 899 2529 940 non
2564 897 2610 937 ex

430 971 544 1028 illis
589 968 911 1045 maleficiiS,
957 986 1105 1043 quae
1151 971 1213 1028 in
1260 970 1362 1028 illo
1409 975 1636 1029 constat
1683 986 1830 1044 esse,
1875 971 1984 1028 hoc
2014 971 2408 1045 intellegatur,
2454 987 2610 1027 verum

432 1074 504 1115 ex
548 1059 658 1116 hoc
704 1059 907 1132 etiam,
954 1060 1005 1117 si
1035 1075 1147 1132 quo
1179 1057 1251 1116 de
1277 1051 1328 1138 ¹)
1376 1058 1609 1116 illorum
1639 1056 1788 1116 forte
1819 1057 2181 1117 dubitabitur
2198 1103 2213 1132 ,
2262 1059 2609 1117 convincatur.

430 1145 578 1217 Quid
623 1145 888 1220 tandem,
934 1162 1181 1220 quaeso,
1226 1145 1491 1204 iudices?
1550 1163 1687 1204 num
1731 1151 1832 1204 aut
1871 1147 1971 1205 ille
2016 1147 2230 1206 lanista
2274 1148 2504 1205 omnino
2527 1147 2610 1204 iam

429 1249 466 1291 a
510 1233 705 1308 gladio
724 1229 777 1310 ²)
839 1235 1150 1294 recessisse
1206 1233 1436 1292 videtur
1494 1239 1596 1293 aut
1639 1234 1733 1293 hic
1779 1233 2092 1308 discipulus
2136 1234 2416 1307 magistro
2462 1240 2610 1292 tantu-

427 1322 545 1379 lum
605 1322 678 1380 de
734 1327 861 1380 arte
925 1323 1284 1381 concedere?
1373 1322 1490 1380 Par
1550 1326 1638 1380 est
1699 1323 1971 1396 avaritia,
2034 1322 2235 1381 similis
2294 1323 2610 1396 improbitas,

433 1410 639 1467 eadem
676 1409 1067 1484 impudentia,
1112 1410 1343 1484 gemina
1388 1409 1647 1468 audacia.

325 1495 416 1561 41
606 1497 842 1556 Etenim
890 1498 1160 1571 quoniam
1216 1497 1390 1557 fidem
1433 1497 1693 1571 magistri
1741 1497 2057 1571 cognostis,
2121 1499 2455 1570 cognoscite
2499 1511 2609 1555 nunc

289 1590 319 1645 1
336 1590 411 1646 19
431 1585 698 1658 discipuli
754 1588 1124 1659 aequitatem.
1216 1586 1353 1644 Dixi
1413 1585 1528 1644 iam
1590 1590 1766 1644 antea
1827 1601 2002 1658 saepe
2049 1602 2289 1644 numero
2334 1587 2611 1659 postulatos

433 1690 560 1732 esse
608 1674 681 1733 ab
726 1674 852 1733 istis
891 1674 1032 1733 duos
1074 1689 1270 1732 servos
1314 1675 1377 1731 in
1424 1673 1841 1746 quaestionem.
1916 1672 2003 1730 Tu
2049 1689 2279 1746 semper
2301 1717 2315 1744 ‚
2363 1674 2430 1731 T.
2462 1671 2611 1732 Rosci.

430 1763 730 1820 recusasti.
821 1763 1048 1834 Quaero
1117 1762 1223 1821 abs
1281 1767 1373 1820 te:
1428 1762 1548 1819 iine
1610 1761 1709 1833 qui
1768 1761 2142 1834 postulabant
2198 1761 2428 1835 indigni
2489 1764 2610 1820 erant

428 1850 524 1921 qui
573 1850 984 1924 impetrarent,
1043 1866 1119 1908 an
1158 1851 1208 1908 is
1247 1855 1309 1908 te
1346 1865 1461 1908 non
1494 1847 1920 1922 commovebat,
1965 1865 2069 1922 pro
2116 1865 2225 1921 quo
2260 1850 2611 1923 postulabant.

428 1952 503 1995 an
562 1954 658 1995 res
712 1938 839 2010 ipsa
896 1938 1005 1996 tibi
1058 1937 1257 2011 iniqua
1315 1936 1659 1995 videbatur?
1748 1935 2129 1996 Postulabant
2183 1937 2449 1996 homines
2489 1935 2610 1994 nobi·

428 2025 629 2083 lissimi
673 2030 846 2098 atque
889 2027 1251 2098 integerrimi
1293 2030 1531 2083 nostrae
1576 2024 1825 2083 civitatis
1843 2068 1859 2097 ,
1903 2040 2042 2098 quos
2086 2026 2203 2083 iam
2244 2031 2422 2084 antea
2465 2024 2608 2083 nomi-

430 2113 591 2188 navi,
654 2114 751 2186 qui
810 2114 895 2171 ita
937 2114 1206 2172 vixerunt
1249 2114 1512 2185 talesque
1556 2127 1592 2169 a
1635 2113 1845 2186 populo
1888 2112 2148 2192 Romano
2194 2119 2502 2189 putantur,
2556 2115 2610 2182 ut,

431 2202 699 2274 quicquid
746 2202 1040 2276 dicerent,
1086 2218 1255 2261 nemo
1304 2206 1461 2261 esset
1505 2202 1601 2274 qui
1647 2217 1761 2259 non
1808 2216 2056 2274 aequum
2099 2206 2349 2275 putaret.
2443 2202 2609 2260 Postu·

429 2289 628 2347 labant
667 2294 859 2347 autem
905 2307 1009 2363 pro
1054 2290 1284 2349 homine
1332 2289 1658 2348 miserrimo
1714 2294 1888 2362 atque
1930 2288 2324 2349 infelicissimo
2339 2336 2355 2365 ,
2420 2292 2518 2364 qui
2547 2286 2610 2346 vel

428 2377 554 2451 ipse
601 2394 729 2436 sese
768 2380 828 2436 in
875 2378 1195 2437 cruciatum
1238 2378 1364 2436 dari
1412 2381 1678 2451 cuperet,
1720 2377 1856 2435 dum
1896 2376 1970 2435 de
2013 2379 2193 2451 patris
2238 2384 2425 2437 morte
2472 2392 2612 2452 quae·

430 2470 677 2524 reretur.
789 2466 909 2525 Res
964 2482 1135 2539 porro
1202 2466 1304 2525 abs
1363 2470 1423 2525 te
1493 2467 1616 2523 eius
1676 2464 1832 2523 modi
1891 2464 2316 2540 postulabatur,
2383 2472 2450 2524 ut
2502 2461 2612 2523 nihil

428 2554 764 2627 interesset,
827 2560 1020 2613 utrum
1080 2570 1207 2614 eam
1253 2570 1379 2612 rem
1397 2547 1450 2633 ⁸)
1493 2569 1796 2612 recusares
1842 2570 1917 2612 an
1964 2554 2036 2613 de
2083 2551 2367 2612 maleficio
2414 2552 2612 2613 confite

285 2640 408 2698 120
426 2656 578 2699 rere.
668 2641 828 2713 Quae
896 2659 1025 2701 cum
1084 2643 1167 2700 ita
1233 2642 1384 2715 sint,
1446 2645 1662 2714 q‘uaero
1729 2640 1832 2699 abs
1894 2646 1983 2715 te,
2052 2658 2221 2714 quam
2276 2640 2348 2699 ob
2415 2656 2612 2701 causam

427 2730 730 2788 recusariS.
823 2728 966 2789 Cum
987 2724 1040 2810 ⁴)
1086 2730 1368 2789 occiditur
1412 2728 1541 2787 Sex.
1588 2730 1856 2803 Roscius,
1912 2729 2129 2789 ibidem
2170 2726 2423 2791 fuerunt.
2514 2729 2614 2788 Ser-

427 2833 524 2875 vos
569 2818 751 2891 ipSOS,
799 2818 948 2891 quod
995 2818 1069 2877 ad
1113 2834 1202 2877 me
1249 2818 1491 2891 attinet,
1548 2833 1737 2890 neque
1783 2833 1962 2891 arguo
2007 2834 2196 2890 neque
2237 2834 2449 2890 purgo:
2490 2812 2612 2890 ,quod

426 2922 462 2963 a
506 2906 667 2965 vobis
713 2907 1037 2981 oppugnari
1054 2900 1110 2987 ⁶)
1152 2906 1320 2964 video
1337 2950 1353 2979 ,
1408 2921 1483 2963 ne
1528 2905 1590 2962 in
1635 2906 2032 2978 quaestionem
2077 2905 2315 2979 dentur,
2370 2905 2614 2979 suspicio

425 3010 550 3051 sum
612 2999 731 3068 est3
791 2994 941 3068 quod
980 3010 1120 3053 vero
1166 2992 1316 3066 apud
1362 3009 1461 3051 vos
1508 2993 1665 3067 ipsos
1709 2993 1770 3050 in
1815 2995 2034 3052 honore
2080 2998 2242 3052 tanto
2288 2999 2452 3068 sunt,
2516 3007 2614 3067 pro-

424 3078 579 3140 fecto
635 3099 876 3142 necesse
934 3088 1024 3141 est
1066 3083 1252 3140 sciant
1296 3080 1548 3156 aliquid,
1616 3081 1765 3155 quod
1815 3082 1866 3140 si
1911 3081 2187 3155 dixerint,
2254 3082 2615 3155 perniciosum

423 3170 586 3228 vobis
638 3168 895 3228 futurum
951 3170 1041 3228 sit.
1148 3169 1245 3227 ‘In
1306 3168 1569 3228 dominos
1624 3170 1828 3242 quaeri
1870 3170 1944 3229 de
1991 3170 2173 3229 servis
2216 3170 2479 3243 iniquum
2523 3159 2615 3227 est'

424 3257 503 3314 At
540 3273 727 3330 neque
785 3258 847 3316 in
894 3258 1152 3317 dominos
1196 3257 1523 3330 quaeritur:
1547 3250 1600 3336 ⁶)
1661 3256 1790 3316 Sex.
1852 3258 2008 3317 enim
2053 3257 2295 3316 Roscius
2341 3274 2480 3317 reus
2524 3260 2616 3321 est3

422 3361 534 3402 nec
582 3350 671 3403 est
712 3346 970 3419 iniquum
1016 3346 1088 3404 de
1134 3346 1222 3404 his
1267 3345 1501 3420 quaeri,
1523 3339 1574 3425 ⁷)
1623 3361 1722 3404 vos
1770 3346 1924 3404 enim
1969 3346 2229 3405 dominos
2275 3362 2407 3404 esse
2439 3342 2617 3405 dicitis,

598 3530 652 3596 1)
713 3544 818 3596 quo
855 3528 918 3581 de
953 3527 1327 3583 Guilielmius:
1379 3527 1525 3595 quod
1580 3527 1643 3580 de
1690 3527 1842 3582 codd.
1915 3527 1967 3580 si
2010 3526 2157 3595 quod
2201 3526 2430 3580 illorum
2467 3526 2617 3593 vulgo.

422 3600 474 3668 2)
510 3617 547 3651 a
578 3598 766 3667 yladio
800 3598 1076 3652 recessisse
1109 3598 1350 3668 Madvig:
1400 3616 1438 3651 a
1472 3597 1778 3667 yladiatore
1814 3597 2031 3651 cessisse
2063 3597 2215 3652 codd.
2443 3600 2497 3664 3)
2529 3609 2616 3649 rem

420 3687 541 3727 unc.
570 3670 690 3723 incl.
731 3670 913 3724 Halm.
1091 3670 1147 3736 4)
1193 3669 1322 3722 dum
1361 3669 1496 3723 coni.
1535 3668 1828 3731 Matthiae,
1885 3685 2056 3737 recep.
2095 3669 2272 3722 Halm.
2455 3672 2508 3737 5)
2543 3666 2618 3718 hoc

411 3741 659 3809 palmari
697 3741 832 3795 coni.
874 3740 1205 3807 Naugerius,
1253 3756 1425 3811 recep.
1476 3739 1699 3808 Kayser.
1912 3740 1967 3806 6)
2001 3739 2091 3792 Sic
2127 3739 2357 3805 Kayser3
2402 3738 2544 3794 codd.
2574 3737 2618 3813 af

418 3828 485 3864 ne
520 3812 605 3865 vel
642 3828 787 3865 anne
822 3810 1126 3879 quaeritur.
1341 3812 1395 3876 7)
1455 3809 1623 3864 Codd.
1660 3824 1826 3877 neque
1859 3808 2000 3862 enim
2033 3824 2156 3862 cum
2194 3808 2259 3861 de
2293 3809 2395 3862 hoc
2430 3822 2616 3878 quam·

419 3887 527 3935 twr.
601 3882 716 3937 Nos
759 3882 812 3938 h.
860 3882 895 3935 1.
937 3881 1271 3949 Madvigium
1318 3882 1661 3950 potissimum
1709 3881 1880 3934 secuti
1924 3896 2137 3950 sumuS,
2194 3880 2285 3948 qui
2329 3881 2615 3936 universum
