2669 4354
892 253 958 291 m
1009 251 1360 291 CA'rleAM.
2147 241 2178 294 7
2192 241 2226 295 9

62 424 297 481 invidiam
340 424 552 481 virtute
597 408 1139 509 partanfflgloriam,
1186 441 1301 481 non
1346 424 1620 481 invidiam
1666 416 1964 512 putarem]
2023 425 2225 495 Quam·
2251 433 2332 488 30

64 529 200 582 quam
237 528 348 569 nou
402 512 545 568 nulli
592 517 723 568 sunt
768 513 830 568 in
874 512 984 568 hoc
1029 512 1251 583 ordine,
1296 513 1397 583 qui
1441 518 1543 569 aut
1583 529 1680 586 ea,
1724 530 1870 585 quae
1912 515 2228 586 imminent,

64 617 147 657 non
183 600 428 673 videant,
474 604 575 656 aut
622 616 709 669 ea,
750 615 898 671 quae
928 598 1142 672 vident,
1187 599 1574 657 dissimulent:
1619 602 1716 672 qui
1760 617 1920 673 spem
1941 602 2227 659 Catilinae

65 689 288 745 mollibus
314 688 616 746 sententiis
644 687 911 744 aluerunt
956 688 1522 760 coniurationemque
1570 695 1904 747 nascentem
1945 707 2060 747 non
2105 707 2230 748 cre-

64 776 215 834 dendo
256 776 811 847 conroboraverunt3
872 792 1112 847 quorum
1159 776 1559 834 auctoritatem
1626 778 1809 834 secuti
1855 779 2067 869 multi,
2115 795 2228 836 non

64 866 207 921 solum
249 864 522 937 improbi,
588 881 786 955 verum
832 864 1010 933 etiam
1055 864 1343 937 imperiti,
1410 865 1457 921 si
1496 865 1556 920 in
1601 864 1752 921 hunc
1798 846 2230 923 animadvertis-

65 967 180 1025 sem,
236 953 549 1011 crudeliter
590 958 651 1009 et
680 934 1110 1025 &gilefflfflztum
1157 968 1285 1009 esse
1332 952 1613 1009 dicerent.
1713 954 1880 1010 Nunc
1937 954 2229 1027 intelleg0,

66 1042 98 1096 si
140 1041 271 1113 iste,
339 1057 450 1113 quo
496 1040 777 1113 intendit,
845 1041 903 1097 in
948 1040 1247 1097 Manliana
1296 1047 1488 1097 castra
1532 1042 1893 1115 pervenerit,
1940 1044 2228 1100 neminem

66 1133 150 1185 tam
191 1131 422 1186 stultum
467 1127 593 1186 fore
646 1130 744 1200 qui
803 1144 917 1185 non
965 1128 1160 1185 videat
1216 1129 1672 1187 coniurationem
1734 1146 1860 1186 esse
1920 1127 2131 1188 factam
2160 1126 2229 1210 1),

68 1219 312 1274 neminem
376 1223 495 1274 tam
561 1216 882 1289 improbum
949 1217 1046 1288 qui
1105 1232 1222 1272 non
1281 1215 1555 1274 fateatur.
1667 1217 1792 1274 Hoc
1857 1226 2049 1276 autem
2117 1235 2230 1276 uno

65 1305 328 1363 interfecto
373 1306 649 1376 intellego
695 1305 844 1362 hanc
887 1305 972 1362 rei
1027 1304 1292 1376 publicae
1352 1310 1572 1375 pestem
1631 1306 1923 1378 paulisper
1975 1308 2229 1380 reprimi,

65 1410 151 1450 non
196 1395 253 1451 in
310 1399 654 1467 perpetuum
700 1392 994 1464 comprimi
1049 1408 1235 1465 posse.
1348 1392 1560 1462 Quodsi
1617 1410 1679 1451 se
1726 1395 1967 1452 eiecerit
2010 1412 2232 1452 secum-

62 1498 149 1551 que
188 1500 312 1540 suos
360 1482 625 1539 eduxerit
664 1487 723 1538 et
769 1480 973 1538 eodem
1020 1486 1247 1538 ceteros
1291 1480 1543 1552 undique
1589 1482 1878 1539 conlectos
1922 1482 2231 1555 naufragos

60 1568 458 1644 adgregaverit,
528 1570 927 1641 exstinguetur
978 1575 1149 1640 atque
1191 1567 1480 1625 delebitur
1524 1585 1641 1626 non
1705 1568 1874 1627 modo
1921 1571 2065 1628 haec
2111 1577 2231 1628 tam

60 1656 225 1715 adulta
266 1660 349 1716 rei
391 1658 661 1731 publicae
707 1659 916 1730 pestiS,
979 1673 1177 1714 verum
1228 1656 1405 1714 etiam
1462 1657 1637 1733 stirps
1682 1673 1751 1714 ac
1799 1675 1996 1716 semen
2054 1660 2229 1716 malo-

59 1762 162 1801 rum
194 1748 452 1806 omnium.
557 1745 791 1804 Etenim
835 1746 950 1801 iam
999 1744 1129 1817 diu,
1188 1749 1386 1816 patres
1434 1745 1772 1819 conscripti,
1833 1747 1894 1802 in
1940 1747 2028 1804 his
2073 1744 2332 1819 peri-13

61 1834 177 1889 culis
230 1835 637 1892 coniurationis
688 1833 1025 1905 insidiisque
1077 1848 1406 1906 versamur,
1473 1832 1576 1890 sed
1638 1834 1831 1891 nescio
1893 1851 2002 1905 quo
2058 1840 2328 1906 pacto3l

61 1922 271 1980 omnium
330 1924 619 1981 scelerum
685 1939 753 1979 ac
814 1922 1028 1979 veteris
1094 1919 1302 1978 furoris
1337 1926 1436 2008 vet*
1457 1921 1752 2007 'audaciae
1811 1923 2111 1980 maturitas
2171 1924 2231 1978 in

61 2012 213 2066 nostri
269 2011 597 2103 consulatu?
669 2015 895 2081 tempus
960 2009 1167 2082 erupit.
1303 1998 1514 2078 Quodsi
1576 2027 1646 2067 ex
1704 2014 1868 2067 tanto
1928 2011 2230 2068 latrocinio

64 2098 149 2155 iste
181 2116 316 2157 unus
359 2077 616 2172 follem,
674 2098 998 2156 videbimur
1042 2097 1288 2155 fortasse
1334 2096 1409 2153 ad
1454 2097 1628 2156 breve
1675 2098 1960 2169 quoddam
2005 2104 2230 2172 tempus

66 2203 170 2245 cura
225 2195 281 2247 et
332 2195 492 2246 metu
543 2204 670 2247 esse
715 2188 991 2258 relevati,
1054 2185 1374 2259 periculum
1434 2192 1627 2243 autem
1670 2188 1950 2245 residebit
2005 2193 2064 2245 et
2120 2189 2231 2245 erit

67 2275 299 2334 inclusum
355 2279 588 2349 penitus
643 2277 703 2332 in
750 2276 911 2333 venis
958 2281 1129 2348 atque
1176 2275 1236 2331 in
1280 2275 1597 2332 visceribus
1643 2276 1732 2332 rei
1785 2275 2066 2348 publicae.
2155 2275 2233 2332 Ut

76 2378 208 2436 saepe
246 2366 507 2422 homines
553 2365 715 2436 aegri
760 2364 957 2421 morbo
995 2363 1183 2436 gravi,
1234 2379 1361 2420 cum
1407 2368 1573 2420 aestu
1617 2359 1879 2436 febrique
1924 2365 2232 2438 iactantur,

69 2451 101 2506 si
143 2468 335 2524 aquam
398 2453 645 2526 gelidam
706 2452 975 2509 biberunt
995 2446 1066 2532 2),
1129 2451 1313 2524 primo
1375 2451 1619 2508 relevari
1670 2452 1966 2528 videntur,
2023 2452 2231 2509 deinde

65 2541 211 2598 multo
251 2542 483 2614 gravius
527 2540 1037 2611 vehementiusque
1084 2537 1470 2612 adflictantur,
1531 2539 1614 2596 sic
1667 2540 1762 2597 hic
1816 2541 2075 2615 morbuS,
2135 2541 2232 2612 qui

64 2630 224 2685 estin
282 2646 348 2688 re
410 2629 675 2702 publica,
752 2629 1041 2685 relevatus
1103 2628 1269 2685 istius
1337 2643 1554 2700 poena,
1627 2628 2023 2686 vehementius
2089 2630 2233 2686 vivis

61 2716 264 2789 reliquis
328 2719 709 2791 ingravescet.
818 2717 1007 2786 Quare
1054 2716 1331 2773 secedant
1389 2715 1661 2787 improbi,
1726 2722 2032 2775 secernant
2088 2735 2150 2775 se
2199 2720 2334 2777 a32

62 2801 222 2879 bouis,
293 2819 470 2862 unum
531 2806 591 2862 in
649 2806 837 2862 locum
892 2808 1332 2877 congregentur,
1401 2820 1562 2860 muro
1622 2804 1901 2878 denique,
1970 2805 2031 2862 id
2084 2804 2233 2876 quod

62 2906 202 2966 saepe
247 2894 364 2951 iam
411 2893 561 2966 dixi,
633 2893 1034 2950 discernantur
1080 2909 1115 2950 a
1170 2891 1364 2963 nobis3
1439 2892 1708 2949 desinant
1765 2893 2025 2951 insidiari
2080 2893 2233 2950 domi

63 2994 168 3039 suae
228 2983 480 3056 consuli,
558 2982 932 3038 circumstare
994 2980 1246 3037 tribunal
1317 2981 1603 3052 praetoris
1666 2980 1899 3053 urbani,
1968 2980 2233 3038 obsidere

65 3083 159 3127 cum
196 3071 407 3143 gladiis
454 3071 701 3143 curiam,
754 3069 1054 3144 medleolos
1100 3074 1161 3126 et
1204 3068 1364 3125 faces
1409 3069 1482 3125 ad
1527 3067 1988 3127 inflammandam
2033 3070 2234 3127 urbem

69 3170 399 3232 comparare3
476 3159 553 3215 sit
619 3157 866 3229 denique
930 3157 1270 3229 inscriptum
1330 3157 1391 3212 in
1459 3155 1648 3214 fronte
1709 3158 1877 3215 unius
1941 3158 2236 3232 cuiusque,

64 3245 165 3312 quid
207 3249 281 3306 de
343 3264 411 3305 re
457 3246 689 3320 publica
745 3246 974 3304 sentiat.
1077 3245 1366 3302 Polliceor
1423 3245 1584 3302 vobis
1642 3246 1778 3320 hoc,
1845 3252 2043 3319 patres
2103 3262 2236 3303 con-

62 3334 258 3410 scripti,
317 3339 539 3392 tantam
594 3335 655 3391 in
696 3334 861 3392 nobis
907 3332 1237 3391 consulibus
1289 3332 1414 3390 fore
1463 3333 1847 3411 diligentiam,
1906 3339 2126 3391 tantam
2177 3336 2235 3392 in

60 3422 185 3480 vobis
229 3426 667 3496 auctoritatem,
724 3427 943 3479 tantam
1002 3422 1062 3478 in
1108 3420 1396 3492 equitibus
1439 3421 1713 3480 Romanis
1756 3423 2026 3480 virtutem
2044 3469 2060 3498 ,
2112 3429 2238 3480 tan-

60 3511 152 3567 tam
205 3514 265 3570 in
330 3510 595 3569 omnibus
648 3510 814 3568 bonis
868 3510 1339 3582 consensionem,
1419 3514 1482 3566 ut
1542 3507 1825 3568 Catilinae
1879 3509 2236 3582 profectione

61 3601 217 3657 omnia
261 3599 591 3672 patefacta,
631 3599 969 3671 inlustrata,
1016 3613 1320 3670 oppressa,
1362 3597 1651 3655 vindicata
1698 3616 1825 3657 esse
1871 3599 2129 3658 videatis.

64 3855 127 3908 bb
190 3794 257 3870 ,1)
288 3792 633 3858 patefactam
669 3788 815 3842 codd.
852 3788 1108 3856 plerique.
1252 3788 1306 3853 2)
1345 3787 1595 3839 biberunt
1631 3789 1762 3841 coni.
1800 3789 2048 3854 Madvig:
2088 3788 2237 3841 codd.

88 3875 99 3905 ι
130 3869 272 3918 ermt.
