2669 4354
358 223 482 279 174
1311 237 1531 279 orum-10

356 410 531 485 haec,
589 410 838 485 iudiceS,
890 428 1008 470 non
1051 411 1266 485 scripta
1282 456 1298 485 ,
1364 411 1468 469 sed
1514 416 1652 469 nata
1687 411 1783 470 lex
1797 455 1814 485 ‚
1869 428 2038 485 quam
2070 429 2199 489 ,non
2245 412 2560 486 didicimuS,

357 499 715 574 accepimus,
776 499 1023 572 legimus
1040 545 1057 574 ,
1114 516 1313 559 verum
1355 516 1427 558 ex
1483 504 1690 557 natura
1746 500 1875 572 ipsa
1933 499 2316 575 adripuimus,
2379 501 2563 558 hausi-

356 602 484 644 mus
501 631 517 660 ,
564 589 982 661 expressimus3
1044 587 1118 646 ad
1162 604 1332 659 quam
1384 604 1501 645 non
1546 587 1700 645 docti
1747 587 1853 645 sed
1910 585 2049 645 facti
2066 633 2082 659 ,
2142 605 2257 646 non
2320 588 2562 645 instituti

357 675 463 733 sed
516 674 720 734 imbuti
774 692 998 749 sumus,
1055 680 1144 749 ut,
1204 677 1253 733 si
1298 675 1420 734 vita
1463 679 1661 733 nostra
1704 675 1764 732 in
1806 676 2029 748 aliquas
2076 676 2315 734 insidias
2333 720 2349 750 ,
2421 677 2469 734 si
2508 676 2566 732 in

357 763 472 820 vim
518 767 579 820 et
636 763 698 820 in
755 764 878 822 tela
933 768 1037 821 aut
1093 765 1381 821 latronum
1435 768 1538 821 aut
1596 762 1956 822 inimicorum
2007 763 2334 838 incidisset,
2393 764 2563 822 omnis

358 850 603 909 honesta
637 852 787 909 ratio
833 856 989 910 esset
1031 850 1430 924 expediendae
1476 851 1695 908 salutis
1783 851 1969 910 Silent
2014 852 2169 908 enim
2215 852 2382 924 leges
2426 852 2567 909 inter

360 954 524 997 arma
582 955 691 996 nec
748 956 812 997 se
874 939 1198 1011 exspectari
1257 937 1483 1012 iubent,
1546 955 1672 996 cum
1732 939 1788 998 ei
1805 984 1821 1013 ,
1881 940 1978 1011 qui
2022 944 2363 1013 exspectare
2421 940 2567 1010 velit,

261 1030 340 1092 11
362 1030 499 1086 ante
554 1026 769 1085 iniusta
835 1043 1027 1100 poena
1102 1026 1316 1084 luenda
1386 1027 1461 1084 sit
1527 1043 1697 1099 quam
1765 1028 1918 1085 iusta
1992 1028 2337 1100 repetenda.
2453 1025 2569 1084 Etsi

360 1115 767 1188 persapienter
824 1121 886 1173 et
946 1113 1193 1188 quodam
1247 1114 1418 1173 modo
1470 1115 1649 1171 tacite
1708 1115 1809 1173 dat
1874 1115 2001 1187 ipsa
2069 1116 2165 1172 lex
2228 1120 2570 1188 potestatem

363 1200 748 1276 defendendi,
808 1219 955 1275 quae
1002 1219 1119 1260 non
1167 1201 1338 1261 modo
1363 1196 1414 1281 ¹)
1469 1203 1763 1261 hominem
1822 1202 2032 1276 occidi,
2102 1202 2204 1261 sed
2260 1219 2393 1261 esse
2456 1219 2569 1260 cum

362 1290 484 1349 telo
537 1290 782 1348 hominis
827 1290 1129 1349 occidendi
1182 1306 1357 1347 causa
1402 1294 1589 1363 vetat,
1646 1296 1737 1364 ut,
1801 1307 1930 1348 cum
1979 1306 2184 1363 causa,
2236 1308 2358 1349 non
2403 1291 2569 1349 telum

363 1381 771 1452 quaereretur,
846 1380 945 1453 qui
1006 1379 1096 1435 sui
1155 1376 1509 1437 defendendi
1572 1394 1748 1436 causa
1813 1378 1932 1436 telo
2000 1384 2154 1436 esset
2221 1396 2392 1453 usus,
2468 1395 2569 1436 non

362 1465 609 1524 hominis
655 1467 959 1525 occidendi
1004 1482 1180 1524 causa
1224 1465 1493 1523 habuisse
1541 1467 1718 1524 telum
1764 1465 2135 1525 iudicaretur.
2211 1466 2572 1540 Quapropter

363 1552 473 1611 hoc
517 1558 751 1612 maneat
794 1555 855 1611 in
903 1569 1102 1627 causa,
1160 1553 1413 1625 iudices3
1475 1569 1591 1611 non
1638 1553 1788 1610 enim
1828 1553 2056 1628 dubito,
2118 1555 2255 1626 quin
2305 1553 2573 1628 probatu-

364 1659 464 1700 rus
510 1643 618 1700 sim
662 1643 824 1700 vobis
870 1641 1266 1701 defensionem
1304 1657 1525 1714 meam,
1583 1641 1630 1698 si
1674 1640 1735 1698 id
1774 1642 2184 1715 memineritis,
2249 1642 2408 1714 quod
2447 1642 2574 1700 obli-

364 1729 507 1788 visci
552 1746 668 1788 non
712 1731 989 1803 potestiS,
1037 1728 1433 1787 insidiatorem
1481 1725 1727 1795 interfici
1769 1730 1898 1789 iure
1945 1746 2135 1801 posse.

305 1811 349 1879 5
547 1817 820 1891 Sequitur
879 1818 1048 1891 illud,
1110 1817 1260 1889 quod
1321 1833 1357 1874 a
1399 1816 1635 1874 Milonis
1680 1816 1939 1874 inimicisj
1970 1816 2309 1889 saepissime
2359 1816 2573 1889 dicitur,

266 1907 347 1965 12
368 1906 636 1978 caedem,
680 1907 740 1962 in
785 1922 901 1978 qua
938 1905 1004 1966 P.
1054 1904 1288 1962 Clodius
1333 1904 1557 1962 occisus
1603 1908 1724 1978 est,
1770 1909 2033 1962 senatum
2064 1904 2357 1962 iudicasse
2391 1910 2576 1962 contra

365 2011 489 2052 rem
556 1994 842 2066 publicam
910 2010 1038 2052 esse
1100 1991 1328 2050 factam.
1420 1991 1588 2051 Illam
1648 2007 1788 2050 vero
1835 1998 2072 2050 senatus
2116 2008 2233 2049 non
2279 1992 2575 2050 sententiis

367 2083 485 2141 suis
545 2081 760 2154 solum,
822 2080 925 2138 sed
984 2082 1160 2139 etiam
1220 2080 1423 2138 studiis
1480 2079 1891 2152 comprobavit.
1982 2080 2259 2151 Quotiens
2303 2081 2459 2137 enim
2503 2085 2577 2138 est

373 2169 478 2228 illa
522 2185 697 2227 causa
741 2185 778 2226 a
821 2168 988 2226 nobis
1034 2172 1166 2226 acta
1209 2169 1270 2225 in
1316 2168 1554 2227 senatu!
1615 2167 1821 2241 quibus
1868 2167 2307 2228 adsensionibus
2339 2168 2576 2226 universi

371 2256 620 2329 ordinis,
685 2272 856 2329 quam
906 2273 1016 2314 nec
1073 2257 1266 2314 tacitis
1326 2273 1437 2314 nec
1493 2257 1764 2315 occultis!
1830 2257 2059 2328 quando
2118 2257 2355 2330 quidem
2379 2252 2431 2337 ²)
2476 2256 2576 2314 fre·

369 2344 746 2417 quentissimo
791 2349 999 2403 senatu
1047 2348 1317 2417 quattuor
1363 2351 1464 2402 aut
1509 2361 1791 2402 summum
1813 2338 1868 2426 3)
1898 2346 2153 2417 quinque
2185 2352 2322 2403 sunt
2352 2344 2576 2415 inventi,

372 2432 470 2506 qui
527 2431 765 2489 Milonis
829 2448 1060 2491 causam
1126 2447 1241 2489 non
1297 2433 1630 2504 probarent.
1733 2432 2052 2491 Declarant
2108 2433 2281 2490 huius
2347 2431 2577 2490 ambusti

373 2519 592 2578 tribuni
633 2520 817 2592 plebis
861 2520 997 2578 illae
1044 2520 1459 2577 intermortuae
1508 2521 1838 2593 contioneS,
1887 2520 2094 2591 quibus
2138 2520 2353 2578 cotidie
2406 2534 2576 2578 meam

371 2608 689 2682 potentiam
729 2607 1009 2666 invidiose
1055 2608 1471 2666 criminabatur
1489 2653 1504 2682 ,
1552 2624 1680 2665 cum
1727 2607 1952 2665 diceret
1996 2612 2262 2665 senatum
2290 2625 2410 2666 non
2441 2604 2577 2679 quod

374 2697 648 2768 sentiret,
710 2695 814 2758 sed
876 2695 1027 2768 quod
1076 2713 1183 2769 ego
1228 2695 1439 2754 vellem
1488 2695 1822 2753 decernere.
1916 2695 2076 2767 Quae
2122 2694 2356 2767 quidem
2400 2697 2449 2752 si
2490 2710 2577 2767 po-

373 2784 559 2842 tentia
629 2786 719 2840 est
778 2782 1127 2857 appellanda
1185 2783 1377 2856 potius
1430 2799 1602 2856 quam
1661 2788 1764 2841 aut
1811 2787 2049 2856 propter
2107 2799 2322 2855 magna
2364 2784 2426 2840 in
2468 2797 2576 2839 rem

383 2872 677 2944 publicam
722 2871 933 2929 merita
977 2869 1283 2928 mediocris
1328 2872 1390 2928 in
1435 2871 1600 2929 bonis
1646 2871 1836 2927 causis
1881 2872 2193 2928 auctoritas
2233 2877 2337 2927 aut
2364 2874 2584 2943 propter

380 2960 485 3018 hos
531 2955 816 3017 officiosos
862 2959 1093 3017 labores
1137 2976 1298 3017 meos
1343 2976 1458 3017 non
1503 2960 1663 3016 nulla
1707 2957 1861 3030 apud
1905 2957 2089 3016 bonos
2133 2959 2348 3031 gratia,
2405 2956 2581 3031 appel-

371 3049 527 3105 letur
588 3049 672 3105 ita
720 3063 893 3121 sane,
964 3046 1268 3104 dummodo
1323 3063 1397 3105 ea
1455 3062 1560 3104 nos
1618 3050 1850 3104 utamur
1905 3063 2011 3119 pro
2069 3048 2255 3106 salute
2313 3047 2576 3105 bonorum

272 3140 354 3199 13
373 3140 574 3193 contra
619 3136 929 3193 amentiam
969 3135 1347 3208 perditorum.
1439 3135 1606 3192 Hanc
1651 3150 1791 3193 vero
1834 3134 2234 3207 quaestionem
2252 3178 2268 3207 ,
2328 3134 2434 3192 etsi
2477 3148 2575 3189 non

373 3227 464 3283 est
506 3224 728 3296 iniqua,
772 3239 1080 3296 numquam
1112 3228 1307 3281 tamen
1339 3226 1575 3280 senatus
1607 3221 2069 3280 constituendam
2101 3223 2342 3295 putavit.
2408 3221 2575 3279 Emnt

375 3311 528 3368 enim
587 3312 786 3385 legeS,
853 3315 1021 3369 erant
1087 3310 1460 3383 quaestiones
1527 3311 1618 3367 vel
1688 3309 1760 3367 de
1825 3311 2005 3368 caede
2066 3310 2161 3368 vel
2207 3310 2278 3369 de
2324 3310 2413 3382 vi,
2479 3322 2573 3365 nec

373 3403 597 3456 tantum
659 3415 981 3458 maerorem
1037 3415 1106 3456 ac
1155 3399 1371 3455 luctum
1418 3397 1649 3455 senatui
1710 3413 1863 3454 mors
1908 3397 1972 3455 P.
2021 3396 2206 3455 Clodii
2270 3395 2573 3464 adferebat,

373 3490 441 3544 ut
508 3503 655 3545 nova
722 3488 982 3559 quaestio
1053 3486 1518 3545 constitueretur.
1632 3484 1807 3544 Cuius
1876 3486 2031 3543 enim
2085 3484 2158 3544 de
2218 3485 2318 3542 illo
2373 3485 2575 3540 incesto

515 3705 570 3771 1)
609 3702 766 3757 modo
812 3702 965 3757 deest
1014 3704 1072 3756 in
1107 3720 1211 3757 non
1260 3703 1429 3757 nullis
1478 3701 1632 3756 codd.
1686 3704 1742 3755 et
1782 3702 1848 3755 ab
1896 3702 2047 3756 editt.
2104 3701 2378 3755 nonnullis
2430 3711 2572 3767 prave

376 3775 657 3830 omittitur.
767 3774 822 3841 2)
857 3773 1079 3841 quando
1115 3773 1328 3842 quidem
1365 3774 1682 3843 Anonymus
1720 3774 1776 3826 in
1811 3773 1984 3827 Berol.
2024 3789 2147 3826 ann.
2181 3787 2386 3840 gymn.;
2424 3768 2569 3833 vulgo

379 3863 443 3899 ex
481 3844 634 3901 codd.
667 3844 892 3913 quando
926 3844 1069 3899 enim
1100 3877 1168 3885 —-
1181 3842 1527 3913 probarent?
1618 3845 1673 3914 3)
1713 3859 1985 3898 sumnmm
2018 3860 2137 3899 unc.
2161 3843 2287 3898 incl.
2314 3844 2373 3898 L.
2389 3841 2568 3907 Lango-
