2669 4354
943 266 1054 306 Pno
1099 266 1151 306 P.
1191 265 1408 306 snsrio.
2152 249 2277 308 219

89 438 391 496 Romanum
446 439 568 497 sine
628 440 747 496 ullo
802 439 1015 497 iudicio
1063 443 1127 496 ut
1171 439 1365 497 edicto
1390 433 1443 519 ¹)
1489 456 1560 507 ex
1602 439 1796 513 patria
1840 440 2040 497 consul
2089 440 2280 498 eiece—

90 527 164 584 rit.
249 526 409 584 Nihil
471 527 735 585 acerbius
781 526 925 584 socii
967 532 1028 584 et
1071 526 1269 584 Latini
1285 521 1339 606 2)
1399 526 1557 585 ferre
1605 527 1758 586 soliti
1805 531 1936 584 sunt
1980 543 2150 599 quam
2196 543 2279 601 se,
2301 529 2384 585 30

87 614 136 671 id
194 615 344 686 quod
408 631 649 688 perraro
714 614 956 688 accidit,
1023 632 1097 673 ex
1162 614 1306 672 urbe
1375 616 1534 672 exire
1601 631 1638 672 a
1693 615 2017 674 consulibus
2070 615 2277 673 iuberi.

10 725 11 794 j
88 703 245 774 Atqui
271 697 322 780 ³)
383 704 502 760 illis
549 707 678 761 erat
721 708 841 760 tum
885 701 1108 761 reditus
1150 703 1211 760 in
1258 718 1392 760 suas
1439 701 1733 776 civitates,
1795 703 1871 760 ad
1914 719 2049 761 suos
2093 702 2278 761 Lares

10 2218 15 2229 -
8 1965 21 2207 —t-—q-p-——n-wn
12 1931 15 1944 -
10 1877 19 1922 οπ-
6 913 21 1866 -ς-ῳ-ῃ-μ-η--ψ-υ-Ἥ--κῌῂ--ἐᾈ

0 3676 17 3723 Ι..
0 3638 17 3651 Ι
1 2726 23 3545 *mu-m·-
6 2314 21 2709 —qoe—-w-u-——r--rffl-
8 2266 13 2277 -

87 791 385 848 familiares
459 796 520 849 et
574 791 635 847 in
692 790 793 848 illo
851 791 1135 849 communi
1191 790 1553 849 incommodo
1604 791 1765 848 nulla
1816 791 1877 847 in
1934 806 2278 863 quemquam

85 879 299 952 propria
354 878 672 952 ignominia
714 879 1053 937 nominatim
1093 878 1354 938 cadebat.
1465 879 1590 936 Hoc
1633 895 1772 937 vero
1818 878 1957 951 quid
2002 877 2135 937 est‘?
2180 895 2278 936 ex-

86 965 400 1025 terminabit
464 967 617 1025 cives
677 966 966 1025 Romanos
1035 967 1225 1025 edicto
1295 967 1494 1024 consul
1543 982 1579 1024 a
1638 966 1756 1024 suis
1795 966 1885 1024 dis
1928 967 2277 1039 penatibus?

89 1056 325 1126 expellet
383 1071 456 1111 ex
515 1056 746 1127 patria?
801 1055 1019 1127 deliget
1071 1070 1242 1126 quem
1297 1055 1487 1128 volet,
1542 1053 1839 1112 damnabit
1883 1059 2056 1126 atque
2104 1055 2278 1113 eiciet

82 1143 446 1201 nominatim?
534 1143 676 1216 Hic,
722 1143 771 1201 si
836 1158 1105 1215 umquam
1162 1159 1262 1201 vos
1320 1158 1449 1215 eos,
1518 1143 1616 1215 qui
1669 1158 1822 1200 nunc
1878 1143 2044 1216 estiS,
2105 1143 2167 1201 in
2210 1158 2276 1201 re

83 1230 299 1302 publica
344 1231 471 1289 fore
516 1235 796 1304 putasset,
840 1231 889 1288 si
934 1229 1186 1302 denique
1232 1230 1543 1303 imaginem
1590 1230 1930 1288 iudiciorum
1976 1236 2077 1289 aut
2104 1231 2278 1288 simu-

82 1320 283 1376 lacrum
332 1318 565 1390 aliquod
611 1316 863 1376 futurum
904 1319 966 1376 in
1006 1319 1242 1376 civitate
1272 1319 1560 1391 reliquum
1590 1317 1963 1392 credidisset,
2008 1335 2277 1391 umquam

81 1422 233 1464 ausus
285 1412 446 1466 esset
488 1414 754 1465 senatum
800 1405 872 1464 de
918 1423 985 1464 re
1026 1407 1263 1480 publica
1308 1407 1546 1480 tollere,
1593 1407 1849 1478 equitum
1892 1405 2278 1465 Romanorum

82 1511 266 1565 preces
334 1495 666 1568 aspernari,
735 1494 945 1552 civium
1007 1493 1254 1566 denique
1327 1495 1579 1552 omnium
1641 1494 1804 1552 novis
1874 1500 1935 1551 et
2000 1493 2277 1552 inauditis

82 1582 268 1640 edictis
304 1584 399 1641 ius
444 1582 889 1654 libertatemque
935 1584 1315 1655 pervertere?
1405 1582 1534 1640 Etsi
1579 1600 1670 1641 me
1718 1582 2117 1640 attentissimis
2154 1583 2278 1640 ani·
2297 1582 2374 1639 31

82 1671 201 1744 miS,
246 1687 474 1729 summa
518 1687 646 1728 cum
686 1670 1047 1742 benignitate
1094 1670 1334 1745 auditiS,
1380 1670 1632 1743 iudices,
1678 1675 1876 1729 tamen
1916 1685 2154 1743 vereor,
2200 1688 2275 1729 ne

82 1759 187 1829 quis
238 1759 396 1818 forte
449 1764 703 1817 vestrum
760 1759 1031 1832 miretur,
1095 1757 1235 1830 quid
1292 1758 1438 1816 haec
1496 1774 1627 1816 mea
1686 1758 1873 1817 oratio
1924 1763 2044 1816 tam
2102 1758 2277 1831 longa

83 1853 165 1903 aut
183 1841 236 1926 4)
305 1853 430 1905 tam
497 1847 618 1905 alte
684 1846 938 1920 repetita
1001 1846 1171 1918 velit,
1240 1851 1342 1903 aut
1408 1845 1545 1918 quid
1599 1845 1673 1903 ad
1699 1845 1780 1903 ·P.
1826 1845 2001 1904 Sestii
2044 1860 2278 1903 causam

84 1951 258 1992 eorum
274 1981 290 2008 ,
380 1935 477 2007 qui
558 1940 697 1993 ante
768 1934 938 1992 huius
1013 1934 1374 1992 tribunatum
1434 1950 1560 1992 rem
1627 1933 1916 2007 publicam
1980 1937 2279 2006 vexarunt,

83 2022 278 2081 delicta
336 2022 689 2095 pertineant.
779 2019 930 2079 Mihi
983 2026 1176 2080 autem
1236 2022 1347 2080 hoc
1401 2021 1749 2094 propositum
1803 2026 1893 2080 est
1952 2022 2279 2094 ostendere,

85 2112 253 2169 omnia
299 2110 546 2169 consilia
589 2110 653 2167 P.
687 2109 861 2168 Sestii
899 2115 1267 2182 mentemque
1311 2111 1491 2168 totius
1533 2108 1858 2168 tribunatus
1904 2110 2054 2167 hanc
2084 2109 2280 2183 fuisse,

86 2205 136 2255 ut
173 2198 447 2258 adflictae
493 2205 554 2257 et
595 2198 861 2273 perditae
907 2200 996 2257 rei
1033 2199 1319 2272 publicae,
1363 2205 1640 2271 quantum
1669 2205 1882 2271 posset,
1928 2198 2279 2257 mederetur.

87 2289 155 2344 Ac
206 2289 254 2345 si
314 2288 382 2345 in
447 2287 801 2359 exponendis
849 2276 1181 2345 volneribus
1234 2287 1353 2344 illis
1411 2286 1483 2344 de
1538 2303 1631 2344 me
1691 2287 1817 2360 ipso
1870 2286 2040 2360 plura
2084 2286 2282 2344 dicere

90 2375 349 2448 videbor,
394 2375 768 2447 ignoscitote!
859 2374 1008 2432 Nam
1051 2379 1112 2433 et
1155 2374 1310 2432 illam
1358 2390 1545 2432 meam
1590 2373 1813 2433 cladem
1853 2391 1955 2432 vos
1994 2379 2052 2433 et
2083 2390 2283 2432 omnes

90 2461 203 2520 boni
245 2464 562 2521 maximum
609 2479 737 2521 esse
781 2461 874 2521 rei
917 2461 1180 2534 publicae
1226 2463 1430 2520 volnus
1475 2462 1803 2535 iudicastiS,
1848 2467 1911 2520 et
1953 2462 2016 2520 P.
2063 2463 2284 2521 Sestius

91 2557 165 2607 est
220 2568 364 2609 reus
420 2567 538 2608 non
589 2567 720 2624 suo,
781 2550 886 2608 sed
924 2567 1054 2608 meo
1108 2551 1368 2624 nomine3
1430 2551 1525 2623 qui
1587 2566 1716 2608 cum
1761 2567 1990 2608 omnem
2035 2550 2148 2608 vim
2194 2551 2285 2607 sui

91 2638 403 2697 tn'bunatus
457 2639 520 2696 in
574 2655 706 2696 mea
764 2639 952 2696 salute
1011 2639 1453 2711 consumpserit,
1500 2654 1740 2696 necesse
1783 2643 1872 2695 est
1916 2653 2105 2695 meam
2151 2653 2287 2695 cau—

89 2741 191 2783 sam
259 2726 571 2800 praeteriti
631 2726 909 2799 temporis
970 2742 1100 2783 cum
1172 2727 1341 2784 huius
1413 2726 1709 2799 praesenti
1763 2724 2100 2784 defensione
2156 2740 2285 2784 esse

88 2815 453 2873 coniunctam.

240 2903 395 2960 Erat
460 2902 642 2975 igitur
694 2901 757 2957 in
808 2901 968 2958 luctu
1017 2906 1287 2973 senatus3
1357 2900 1662 2971 squalebat
1718 2901 1921 2959 civitas
1945 2895 1999 2980 ⁵)
2060 2900 2287 2972 publico
2305 2895 2394 2962 14

89 2991 311 3049 consilio
375 2996 538 3048 veste
588 2993 841 3063 mutata3
910 2989 1130 3046 nullum
1201 2994 1327 3047 erat
1388 2988 1597 3047 Italiae
1657 2989 2028 3061 municipium
2045 3033 2061 3062 ,
2129 2989 2287 3046 nulla
2308 2991 2388 3047 32

89 3078 294 3136 colonia
314 3124 332 3152 ,
398 3079 561 3135 nulla
626 3075 1024 3150 praefectura,
1077 3076 1239 3134 nulla
1300 3077 1523 3134 Romae
1586 3077 1835 3136 societas
1901 3077 2287 3150 vectigalium,

89 3167 289 3224 nullum
351 3164 678 3237 conlegium
738 3170 840 3223 aut
899 3164 1201 3222 concilium
1256 3169 1360 3222 aut
1410 3164 1639 3223 omnino
1697 3163 1930 3237 aliquod
1990 3180 2287 3222 commune

91 3255 409 3326 consilium,
456 3252 610 3325 quod
654 3258 778 3311 tum
822 3268 937 3309 non
973 3250 1553 3310 honorificentissime
1600 3253 1673 3310 de
1704 3269 1836 3311 mea
1869 3252 2056 3311 salute
2088 3250 2290 3311 decre-

91 3340 280 3415 visset,
341 3358 468 3399 cum
530 3340 717 3399 subito
779 3340 1015 3399 edicunt
1072 3339 1185 3397 duo
1231 3340 1524 3413 consuleS,
1580 3346 1643 3398 ut
1688 3341 1762 3398 ad
1808 3357 1972 3398 suum
2019 3340 2291 3399 vestitum

91 3433 371 3488 senatores
427 3429 703 3487 redirent.
792 3427 929 3498 Quis
988 3445 1258 3500 umquam
1304 3429 1502 3486 consul
1563 3434 1826 3487 senatum
1871 3428 2049 3501 ipsius
2090 3426 2292 3487 decre-

213 3612 264 3677 1)
296 3610 388 3663 Sic
423 3609 549 3662 Par.
586 3624 618 3660 a
653 3624 732 3676 pr.
768 3624 868 3674 m.,
906 3609 968 3659 ut
1007 3606 1142 3659 coni.
1179 3606 1355 3670 Bake;
1394 3606 1487 3658 alii
1525 3610 1588 3658 ut
1625 3606 1957 3659 deleverunt.
2154 3606 2209 3672 2)
2243 3610 2291 3658 et

94 3694 116 3728 e
147 3679 252 3733 cod.
290 3681 465 3734 Vatic.
504 3679 752 3741 accessit3
790 3678 912 3730 Par.
954 3676 1300 3740 societatini5
1337 3675 1498 3744 vulgo
1534 3675 1670 3728 socii
1691 3674 1903 3728 Latini.
2048 3676 2102 3741 3)
2138 3674 2294 3741 atqui

94 3747 415 3813 Fleckeisen3
452 3748 605 3803 codd.
638 3753 815 3815 atque.
888 3747 1025 3801 Paul
1062 3752 1224 3813 atque
1259 3746 1376 3799 illis
1414 3762 1487 3800 er.
1535 3752 1730 3800 tamen.
1896 3746 1953 3813 4)
1994 3761 2062 3798 ac
2098 3746 2262 3812 vulgo
2274 3767 2287 3809 ;

97 3820 218 3884 quod
251 3824 350 3873 ret.
386 3820 599 3883 Halm.;
650 3822 762 3887 opt.
799 3817 949 3872 codd.
997 3824 1113 3870 aut.
1185 3816 1480 3869 Lambinus
1516 3823 1632 3871 tam
1667 3817 1820 3885 lonye
1857 3821 1975 3870 aut.
2134 3817 2189 3883 5)
2226 3815 2291 3867 in

98 3885 225 3943 luctu
256 3889 478 3958 civitas,
515 3889 794 3955 squalebat
832 3892 1057 3941 senatus
1091 3887 1243 3940 Paul.
