2669 4354
896 266 1080 304 LIBER
1124 259 1411 314 QVARTVS.
2130 243 2253 303 305

2090 331 2257 338 ——-

74 442 410 509 conspectum
457 455 566 510 quo
612 454 711 495 ore
772 455 871 496 vos
919 437 1322 496 commisistis?
1410 452 1520 495 nec
1577 437 1736 510 prius
1791 436 1952 494 illam
2007 453 2257 509 crucem,

71 540 193 594 quae
249 526 426 583 etiam
492 542 646 584 nunc
709 526 849 583 civis
905 525 1147 584 Romani
1210 527 1488 599 sanguine
1545 520 1865 598 redundat,
1938 540 2084 597 quae
2143 522 2258 582 fixa
2332 598 2338 603 ς

73 617 143 668 cst
183 612 252 669 ad
297 619 525 686 portum
583 615 896 686 urbemque
944 618 1227 687 vestram,
1285 614 1596 671 revellistis
1655 628 1845 684 neque
1898 613 1958 669 in
2021 610 2258 685 profun-

71 699 179 757 dum
222 701 518 759 abiecistis
576 702 875 774 locumque
942 702 1103 759 illum
1160 718 1387 759 omnem
1449 701 1751 774 expiastiS,
1802 717 1972 773 quam
2017 700 2257 758 Romam

72 794 216 860 atque
281 790 345 846 in
403 790 607 848 horum
674 795 1018 849 conventum
1078 789 1362 848 adiretis?
1474 788 1544 846 In
1594 788 2069 846 Mamertinorum
2136 789 2257 846 solo

72 875 341 934 foederato
388 883 561 950 atque
609 884 815 950 pacato
860 884 1295 936 monumentum
1352 878 1518 935 istius
1575 876 1938 935 crudelitatis
1984 877 2258 934 constitu-

73 972 169 1021 tum
222 971 327 1023 est.
433 966 719 1025 Vestrane
774 967 908 1024 urbs
975 967 1164 1024 electa
1215 970 1332 1040 est,
1403 964 1476 1023 ad
1521 981 1691 1037 quam
1753 979 1883 1021 cum
1907 958 1958 1043 1)
2027 963 2260 1022 adirent

72 1069 124 1108 ex
164 1053 365 1125 Italia,
430 1070 658 1111 crucem
706 1055 845 1112 civis
891 1053 1136 1112 Romani
1183 1054 1341 1127 prius
1396 1069 1565 1125 quam
1613 1068 1955 1124 quemquam
2015 1052 2260 1109 amicum

69 1142 236 1212 populi
267 1141 514 1200 Romani
560 1143 868 1202 viderent?
914 1158 1081 1215 quam
1125 1159 1227 1200 vos
1256 1141 1526 1214 Reginis,
1574 1157 1814 1212 quorum
1853 1141 2074 1198 civitati
2113 1140 2259 1197 invi-

71 1228 221 1302 detis,
267 1230 524 1302 itemque
570 1231 774 1289 incolis
817 1231 1053 1303 vestriS,
1095 1228 1313 1287 civibus
1348 1229 1645 1302 RomaniS,
1689 1228 1997 1286 ostendere
2043 1228 2260 1301 soletiS,

72 1334 163 1387 quo
205 1318 392 1376 minus
439 1319 550 1377 sibi
606 1318 889 1392 adrogent
945 1318 1243 1390 minusque
1290 1334 1391 1375 vos
1440 1316 1795 1390 despiciant,
1847 1332 1980 1373 cum
2025 1315 2261 1374 videant

71 1404 137 1461 ius
178 1406 430 1463 civitatis
474 1408 575 1464 illo
622 1407 906 1480 supplicio
953 1422 1081 1464 esse
1127 1410 1456 1463 mactatum.

216 1493 435 1551 Verum
476 1495 621 1553 haec
667 1496 873 1553 emisse
918 1500 977 1553 te
1025 1493 1184 1552 dicis.
1278 1492 1465 1563 Quid?
1509 1493 1613 1549 illa
1652 1491 1907 1549 Attalica
1950 1496 2076 1549 tota
2115 1486 2363 1552 sici-12

71 1580 129 1636 lia
181 1582 479 1640 nominata
541 1583 614 1640 ab
676 1583 880 1641 eodem
932 1582 1083 1641 Heio
1143 1578 1654 1656 [peripetasmata]
1676 1572 1728 1658 ²)
1797 1595 1993 1637 emere
2051 1579 2260 1637 oblitus
2281 1582 2360 1638 27

73 1671 149 1724 es?
235 1669 433 1727 Licuit
474 1671 676 1730 eodem
721 1672 921 1743 mod0,
977 1675 1041 1727 ut
1086 1670 1266 1740 signa.
1357 1668 1508 1739 Quid
1555 1668 1708 1725 enim
1753 1673 1946 1725 actum
1993 1669 2126 1724 est?
2186 1683 2261 1724 an

71 1756 255 1815 litteris
301 1759 657 1831 pepercisti?
745 1758 961 1817 Verum
985 1757 1293 1815 ‘hominem
1341 1762 1630 1815 amentem
1674 1755 1783 1812 hoc
1830 1753 2005 1827 fugit:
2070 1755 2259 1812 minus

72 1844 259 1902 clarum
304 1847 530 1918 putavit
584 1846 709 1904 fore
728 1891 743 1919 ,
808 1846 961 1919 quod
1008 1845 1079 1903 de
1136 1845 1390 1903 armario
1449 1861 1616 1916 quam
1671 1843 1823 1915 quod
1875 1842 1949 1899 de
2007 1832 2260 1899 sacrario

74 1940 203 1990 esset
257 1934 533 1992 ablatum.
622 1936 698 1992 At
770 1951 883 2006 quo
948 1933 1112 1991 modo
1174 1932 1459 1991 abstulit?
1574 1932 1707 1989 Non
1773 1946 2002 2003 possum
2061 1929 2258 1987 dicere

72 2020 303 2095 planius,
352 2040 521 2094 quam
567 2023 692 2096 ipse
739 2022 893 2095 apud
938 2038 1037 2080 vos
1080 2020 1225 2079 dixit
1263 2021 1464 2081 HeiuS.
1526 2018 1668 2077 Cum
1696 2018 2083 2090 quaesissem,
2122 2035 2259 2075 num

72 2109 184 2179 quid
250 2110 411 2168 aliud
477 2110 549 2168 de
617 2111 782 2169 bonis
855 2111 982 2169 eius
1046 2110 1412 2184 pervenisset
1473 2107 1549 2166 ad
1616 2108 1889 2181 Verrem,
1965 2105 2262 2179 respondit

73 2196 217 2255 istum
262 2199 336 2257 ad
377 2215 439 2256 se
483 2201 706 2258 misisse
725 2244 740 2272 ,
800 2206 869 2257 ut
910 2199 1020 2257 sibi
1068 2198 1327 2256 mitteret
1370 2197 1753 2270 Agrigentum
1792 2195 2262 2267 peripetasmata.

77 2283 321 2353 Quaesivi
384 2288 714 2364 misissetne
734 2282 817 2367 ³);
902 2278 1199 2359 respondit
1252 2286 1340 2358 id,
1410 2285 1561 2357 quod
1619 2300 1884 2352 necesse,
1909 2288 2060 2355 erat,
2123 2299 2185 2340 se
2207 2275 2264 2360 ⁴)

76 2371 201 2431 dicto
277 2375 614 2434 audientem
676 2375 855 2433 fuisse
914 2375 1172 2447 praetori
1197 2419 1212 2447 ,
1286 2373 1526 2431 misisse.
1633 2372 1889 2446 Rogavi,
1964 2370 2263 2444 pervenis-

77 2470 255 2520 sentne
304 2465 717 2537 Agrigentum:
767 2463 912 2521 dixit
954 2462 1306 2535 pervenisse.
1367 2460 1666 2532 Quaesivi,
1708 2476 1877 2532 quem
1921 2457 1995 2517 ad
2031 2457 2265 2516 modum

73 2551 455 2610 revertissent:
502 2552 738 2625 negavit
782 2551 969 2609 adhuc
1012 2550 1341 2608 revertisse.
1418 2548 1587 2605 Risus
1627 2547 1824 2621 populi
1867 2552 2039 2619 atque
2085 2546 2266 2603 admi-

39 2627 193 2695 'ratio
237 2640 491 2697 omnium
537 2645 795 2697 vestrum
841 2639 998 2696 facta
1045 2643 1147 2696 est.
1248 2636 1360 2693 Hic
1399 2635 1505 2693 tibi
1551 2637 1611 2692 in
1648 2629 1909 2693 'mentem
1952 2651 2066 2692 non
2106 2634 2268 2691 venit
2288 2639 2368 2695 ‘28

71 2722 283 2800 iubere,
348 2733 417 2784 ut
459 2728 608 2786 haec
652 2743 876 2799 quoque
916 2726 1168 2784 referret
1212 2724 1325 2781 HS.
1371 2722 1453 2781 VI
1499 2722 1730 2780 milibus
1775 2723 1828 2780 D
1875 2738 1939 2778 se
1978 2721 2085 2779 tibi
2129 2738 2268 2780 ven-

72 2810 259 2871 didisse
281 2818 310 2870 ?
400 2815 668 2873 Metuisti
693 2808 780 2894 ⁵),
838 2832 913 2873 ne
961 2830 1064 2871 aes
1109 2813 1360 2870 alienum
1408 2811 1515 2868 tibi
1555 2815 1875 2882 cresceret,
1934 2810 1982 2866 si
2028 2809 2141 2867 HS.
2187 2810 2267 2867 VI

70 2900 271 2960 milibus
327 2902 380 2960 D
442 2904 548 2962 tibi
606 2909 938 2961 constarent
994 2917 1092 2975 ea,
1166 2916 1311 2972 quae
1380 2905 1446 2956 tu
1514 2898 1683 2957 facile
1748 2914 1949 2970 posses
2014 2896 2267 2955 vendere

71 2985 161 3046 HS.
207 2989 298 3048 CC
345 2991 622 3050 milibus?
710 2991 850 3048 Fuit
895 2990 1076 3062 tanti,
1123 2988 1264 3046 mihi
1311 2987 1514 3045 crede:
1576 2987 1826 3044 haberes
1872 2985 2021 3057 quod
2068 2983 2270 3042 defen-

69 3073 249 3151 deres3
296 3095 469 3137 nemo
516 3084 857 3152 quaereret,
904 3078 1104 3149 quanti
1151 3076 1253 3133 illa
1297 3091 1395 3132 res
1442 3080 1623 3132 esset:
1661 3074 1710 3131 si
1754 3072 1923 3131 modo
1964 3079 2024 3130 te
2069 3089 2268 3145 posses

258 3314 312 3379 1)
363 3312 457 3379 qui
494 3311 790 3365 Hotomani
826 3309 987 3375 coni„
1051 3307 1344 3361 Lambinus
1392 3306 1621 3374 recepit,
1685 3305 2007 3373 quicumque
2056 3303 2268 3356 Miiller.

68 3384 109 3441 2)
156 3383 438 3437 Glossema
486 3399 605 3435 esse
654 3382 795 3434 hanc
842 3396 1023 3433 vocem
1074 3377 1316 3432 ostendit
1370 3378 1649 3430 verborum
1699 3376 2006 3437 collocatiO,
2069 3373 2274 3427 delevit

67 3451 235 3518 Halm,
283 3453 519 3507 servavit
553 3452 762 3505 Miiller.
946 3451 999 3516 3)
1039 3449 1127 3502 Sic
1162 3449 1442 3509 Schwabe,
1483 3448 1676 3511 Halm,
1714 3447 1937 3509 Miiller;
1984 3445 2135 3499 codd.
2174 3461 2273 3510 au,

68 3523 188 3590 quod
227 3525 425 3577 retinet
457 3523 693 3590 Kayser,
743 3519 1048 3584 Eberhard3
1085 3520 1282 3586 Zumpt
1318 3517 1451 3571 coni.
1492 3534 1669 3580 anne,
1704 3518 1907 3571 Jordan
1944 3532 2088 3595 susp.
2121 3531 2271 3568 eane.

68 3591 114 3643 lu
159 3594 469 3647 melioribus
514 3592 668 3645 codd.
717 3595 864 3646 totus
911 3590 1001 3658 hic
1047 3591 1198 3643 locus
1242 3587 1677 3655 peripetasmata
1724 3620 1791 3626 —
1829 3589 2274 3654 pervemssmme

69 3661 406 3733 Ayriyentum
445 3663 658 3717 excidit.
802 3663 858 3728 4)
900 3660 987 3713 Sic
1021 3661 1294 3714 Hotoman
1318 3701 1330 3722 ‚
1370 3659 1559 3722 Halm,
1597 3657 1818 3721 Miiller;
1858 3656 2064 3710 scilicet
2100 3655 2270 3721 codd„

68 3735 184 3800 quod
223 3734 464 3788 defendit
506 3733 787 3792 Schwabe,
837 3732 928 3800 qui
966 3730 1043 3783 sic
1080 3728 1450 3796 interpungit‚
1504 3743 1614 3780 uec.
1653 3733 1795 3788 erat,
1836 3726 2064 3780 scilicet.-
2124 3725 2270 3778 dicto

69 3804 177 3857 aad.
213 3806 283 3871 fi,
322 3811 499 3872 praet.
548 3803 665 3857 mia
740 3802 849 3855 Alii
895 3804 1017 3869 post
1057 3799 1233 3865 fuisse
1282 3799 1527 3851 inserunt
1574 3814 1641 3850 se.
1857 3799 1912 3864 5)
1952 3795 2272 3849 Metuistine

68 3872 230 3928 Halm.
