2669 4354
413 258 537 314 352
1173 273 1452 312 ACCVSAT.
1497 274 1564 312 ΙΝ
1607 275 1857 313 VERREM

410 446 662 509 audent..
730 449 801 506 In
855 464 970 521 qua
1025 450 1185 506 curia
1245 454 1439 507 statua
1498 453 1598 506 tua
1657 449 1846 506 stabat
1907 452 1967 506 et
2029 447 2185 506 nuda
2227 446 2363 523 filii,
2430 449 2486 505 in
2539 463 2600 505 ea

410 551 577 593 nemo
633 534 772 609 fuit,
842 552 918 593 ne
978 553 1149 608 quem
1211 537 1398 594 nudus
1459 536 1688 608 quidem
1758 534 1910 594 filius
1970 535 2190 594 nudata
2254 536 2541 608 provincia
2559 528 2602 615 ²)
2664 546 2665 559 ¹

265 626 389 681 144
408 628 809 682 commoveret.
899 624 1089 696 Atque
1136 626 1313 682 etiam
1368 625 1477 681 hoc
1531 641 1623 682 me
1678 624 1917 698 docent,
1991 626 2115 683 eius
2170 624 2327 682 modi
2389 628 2600 683 senatus

407 713 727 769 consultum
772 712 981 769 fecisse
1037 729 1100 770 se
1159 710 1565 786 [laudationis]
1585 707 1668 792 ²),
1720 717 1785 769 ut
1837 728 2036 771 omnes
2095 713 2444 784 intellegere
2486 728 2600 785 pos-

408 805 538 858 sent
594 816 711 857 non
770 798 1193 873 laudationem,
1254 800 1358 857 sed
1418 800 1609 872 potius
1660 799 1999 858 inrisionem
2051 817 2179 858 esse
2223 802 2415 873 illam,
2478 817 2602 872 quae

408 886 929 945 commonefaceret
1018 889 1186 946 istius
1275 893 1505 960 turpem
1593 888 2100 960 calamitosamque
2189 894 2521 961 praeturam
2545 885 2602 968 ³).

405 975 639 1033 Etenim
683 977 957 1048 scriptum
1003 992 1131 1034 esse
1187 977 1295 1044 ita,
1363 974 1543 1047 ‘quod
1602 976 1654 1032 is
1712 977 1889 1048 virgis
1953 976 2245 1034 neminem
2295 971 2604 1034 cecidisset'
2664 1032 2665 1035 ,

408 1095 490 1103 -
540 1079 576 1120 a
630 1079 743 1134 quo
791 1064 1077 1136 cognostis
1129 1063 1513 1121 nobilissimos
1567 1062 1827 1121 homines
1888 1069 2062 1136 atque
2122 1065 2606 1122 innocentissimos
2664 1072 2665 1081 ¹

407 1151 596 1208 securi
643 1166 770 1209 esse
817 1167 1153 1222 percussos:
1227 1151 1408 1222 ‘quod
1452 1151 1764 1224 vigilanter
1818 1153 2172 1223 provinciam
2231 1152 2609 1210 administras·
2664 1172 2665 1177 ¹

406 1234 521 1296 set’
570 1269 653 1278 —-
694 1239 854 1296 cuius
906 1255 1106 1296 omnes
1148 1239 1378 1311 vigilias
1421 1239 1484 1294 in
1530 1239 1746 1311 stupris
1793 1244 2022 1298 constat
2037 1235 2091 1318 ⁴)
2152 1257 2279 1298 esse
2325 1257 2609 1312 consump-
2664 1246 2665 1305 ᾗ

406 1332 525 1398 taS,
574 1321 759 1401 [cuius
803 1326 956 1384 modi
1003 1331 1226 1385 constat
1269 1327 1383 1384 hoc
1427 1342 1566 1383 vero
1616 1327 1890 1398 scriptum
1938 1342 2067 1385 esse
2087 1373 2103 1400 ,
2159 1328 2313 1399 quod
2360 1326 2610 1400 proferre
2664 1320 2665 1377 Ῡ

407 1429 522 1471 non
579 1412 826 1471 auderet
876 1430 1042 1488 reuS,
1110 1418 1416 1471 accusator
1476 1415 1730 1471 recitare
1789 1431 1907 1472 non
1964 1413 2283 1491 desineret]
2302 1409 2393 1496 5),
2452 1414 2610 1489 ‘quod
2664 1452 2665 1475 η

405 1501 734 1574 praedones
795 1503 995 1574 procul
1063 1501 1137 1559 ab
1205 1502 1396 1559 insula
1461 1500 1660 1559 Sicilia
1717 1499 2132 1575 prohibuisset’
2202 1499 2478 1579 [Verres]
2543 1535 2608 1542 —-
2664 1490 2665 1517 ¹

406 1604 546 1661 quos
593 1589 770 1646 etiam
815 1591 970 1647 intra
1014 1591 1437 1662 Syracusanam
1480 1590 1731 1647 insulam
1774 1590 2000 1662 recepit
2021 1586 2087 1671 ⁶).
2664 1612 2665 1639 ι

302 1668 387 1735 65
579 1676 743 1735 Haec
786 1682 995 1749 postea
1039 1693 1210 1749 quam
1259 1694 1332 1735 ex
1385 1677 1500 1735 illis
1547 1679 1819 1752 cognovi,
1879 1679 2122 1736 discessi
2167 1695 2297 1736 cum
2344 1678 2530 1738 fratre
2584 1695 2611 1735 e
2664 1672 2665 1705 ³

262 1763 385 1820 145
406 1764 599 1838 curia,
644 1770 708 1822 ut
754 1765 916 1822 nobis
956 1764 1325 1839 absentibuS,
1372 1765 1421 1823 si
1467 1765 1606 1838 quid
1644 1765 1897 1840 vellent,
1944 1765 2349 1824 decernerent.
2414 1768 2615 1826 Decer-
2664 1816 2665 1819 ,

405 1857 549 1909 nunt
609 1853 803 1912 statim
866 1855 1114 1925 primum
1130 1898 1145 1926 ,
1213 1859 1278 1911 ut
1337 1870 1465 1910 cum
1527 1854 1708 1911 Lucio
1772 1853 1955 1912 fratre
2015 1854 2331 1926 hospitium
2402 1855 2612 1928 publice
2664 1852 2665 1905 ἰ

404 1937 607 2014 fieret,
674 1939 827 2012 quod
886 1941 936 1998 is
996 1939 1240 1998 eandem
1285 1941 1641 1999 voluntatem
1694 1957 1833 2013 erga
1896 1942 2285 2015 Syracusanos
2339 1943 2616 2016 suscepis-
2664 1954 2665 2013 ξ

404 2033 527 2101 set,
584 2045 756 2100 quam
804 2045 910 2102 ego
954 2044 1185 2102 semper
1228 2029 1576 2087 habuissem.
1684 2028 1754 2086 Id
1798 2046 1916 2087 non
1967 2030 2135 2087 modo
2194 2036 2318 2088 tum
2382 2033 2615 2104 scripse-

403 2121 570 2190 runt,
630 2133 828 2175 verum
871 2117 1050 2174 etiam
1101 2116 1165 2174 in
1219 2133 1357 2175 aere
1411 2117 1654 2174 incisum
1672 2138 1685 2154 ‘
1712 2117 1881 2175 nobis
1941 2117 2325 2179 tradiderunt.
2447 2119 2613 2177 Valde

404 2204 642 2262 hercule
704 2210 763 2262 te
827 2204 1176 2278 Syracusani
1242 2207 1357 2279 tui,
1434 2222 1576 2277 quos
1643 2206 1847 2263 crebro
1920 2223 2377 2266 commemorare
2463 2208 2612 2278 solea

406 2289 685 2364 diligunt,
746 2293 843 2363 qui
888 2309 1016 2350 cum
1074 2298 1412 2352 accusatore
1470 2299 1568 2351 tuo
1626 2293 1766 2351 satis
1820 2293 2031 2351 iustam
2092 2310 2328 2354 causam
2393 2297 2612 2354 coniun-

406 2377 629 2451 gendae
674 2380 1120 2438 necessitudinis
1173 2386 1409 2455 putant,
1471 2380 1624 2453 quod
1671 2386 1731 2439 te
1777 2390 2155 2440 accusaturus
2215 2384 2292 2440 sit
2356 2390 2421 2442 et
2480 2381 2611 2457 quod

403 2465 739 2537 inquisitum
784 2468 846 2523 in
888 2473 948 2525 te
986 2469 1226 2527 venerit.
1330 2469 1544 2526 Postea
1589 2468 1955 2544 decernitur,
2013 2486 2082 2527 ac
2128 2487 2242 2528 non
2299 2473 2468 2531 varie
2522 2469 2616 2529 sed

401 2570 582 2625 prope
646 2554 867 2612 cunctis
926 2556 1258 2628 sententiis,
1327 2562 1394 2614 ut
1451 2555 1734 2630 laudati0,
1809 2573 1958 2630 quae
2023 2557 2084 2615 G.
2145 2558 2319 2617 Verri
2383 2560 2614 2618 decreta
2664 2597 2665 2622 2

544 2827 597 2891 1)
637 2824 724 2877 Sic
761 2823 911 2879 codd.
940 2828 1078 2893 opt.,
1116 2826 1279 2893 vulgo
1305 2825 1463 2878 nuda
1478 2827 1799 2894 provincia5
1835 2828 1898 2880 in
1924 2828 2094 2881 nuda⁴
2103 2828 2406 2895 provincia
2433 2830 2614 2884 Graev.
2664 2851 2665 2858 ¹

401 2894 643 2959 Ernesti3
693 2900 742 2947 et
787 2893 1007 2948 nudata
1041 2895 1337 2962 provincia
1369 2897 1588 2965 Zumpt;
1640 2898 1790 2951 Bake
1828 2898 1992 2952 verba
2036 2898 2097 2950 in
2134 2913 2248 2965 qua
2288 2932 2357 2938 —-
2393 2915 2618 2953 commo-

400 2969 544 3017 veret
577 2968 859 3032 tamquam
898 2982 959 3017 ex
990 2965 1049 3018 II
1084 2970 1113 3029 ἓ
1142 2967 1244 3020 154
1275 2966 1545 3020 translata
1580 2985 1676 3035 pro
1707 2969 2039 3036 glossemate
2074 2968 2256 3022 habet.
2443 2971 2499 3036 2)
2539 2969 2618 3022 Sic
2664 2967 2665 3036 ζ

401 3052 498 3088 nos
538 3052 635 3088 scr.
675 3034 730 3087 S.
774 3035 831 3090 Ο.
870 3034 1058 3099 fecisse
1098 3035 1442 3089 laudationis
1480 3038 1589 3090 cod.
1626 3038 1791 3105 Reg.‚
1843 3038 2090 3091 Siciliam
2124 3039 2212 3092 vel
2247 3040 2311 3091 in
2352 3040 2549 3094 Sicilia
2582 3040 2618 3104 f.
2664 3041 2665 3050 ’

402 3103 553 3158 laad.
590 3104 738 3157 codd.
776 3105 937 3168 dett.,
978 3105 1352 3159 laudationem
1389 3107 1769 3175 codd.Lagom.
1845 3108 1974 3162 Cod.
2015 3110 2147 3177 Reg.
2190 3111 2531 3176 scripturam,
2567 3111 2616 3161 in

401 3192 506 3244 qua
557 3176 813 3229 omissum
857 3192 1149 3245 pronomen
1199 3192 1253 3229 se
1295 3178 1381 3230 vix
1425 3176 1554 3230 ferri
1588 3181 1794 3247 potest,
1846 3181 2081 3233 retinent
2115 3180 2356 3247 Kayser,
2392 3180 2617 3240 Jordan;
2664 3207 2665 3238 ;

400 3262 454 3298 se
489 3246 792 3299 consultum
834 3248 877 3312 f.
918 3245 1070 3299 laad.
1107 3246 1293 3310 Halm;
1330 3264 1388 3300 se
1423 3248 1611 3314 fecisse
1649 3248 2023 3302 laudationem
2058 3250 2334 3303 Eberhard
2347 3293 2361 3320 ,
2397 3252 2618 3308 Miiller3

401 3317 497 3370 alii
536 3317 644 3369 alia
679 3319 1035 3370 tentaverunt.
1247 3318 1301 3384 3)
1342 3317 1663 3386 Corruptam
1716 3335 1831 3372 esse
1883 3321 2201 3387 scripturam
2250 3323 2428 3389 patet,
2482 3319 2620 3389 quod

398 3388 846 3452 commonefacere
884 3402 1096 3453 semper
1141 3403 1260 3439 cum
1298 3388 1550 3454 genetivo
1596 3388 1673 3441 rei
1709 3390 1792 3442 vel
1837 3391 2230 3459 praepositione
2279 3390 2344 3443 de
2394 3392 2617 3444 coniun-

396 3457 570 3523 gitur,
628 3473 792 3525 quare
829 3457 1071 3510 Lambin.
1120 3455 1185 3509 de
1218 3457 1384 3510 istius
1420 3458 1574 3525 twrpi
1610 3458 2036 3527 calamitosaqae
2062 3465 2344 3528 praetura
2382 3461 2616 3531 scripsit,

396 3526 617 3594 Madvig
652 3533 777 3594 post
803 3533 1127 3594 praeturam
1166 3526 1427 3581 excidisse
1459 3528 1635 3595 faisse
1673 3531 1993 3599 suspicatur.
2070 3530 2341 3585 ‘Fortasse
2381 3532 2614 3584 scriben-

398 3596 526 3649 dum
572 3599 654 3649 est
697 3598 1066 3663 patefacerem·
1119 3597 1176 3649 in
1223 3598 1353 3664 Reg.
1401 3602 1486 3651 est
1540 3602 1953 3667 commefaceret.
2041 3600 2166 3654 Mox
2220 3602 2488 3667 seriptum
2544 3606 2617 3653 est

397 3666 561 3718 Halm
599 3683 661 3718 ex
696 3667 811 3720 cod.
849 3668 977 3735 Reg.
1182 3668 1237 3735 4)
1281 3668 1457 3735 Vulgo
1498 3686 1560 3722 ex
1597 3669 1730 3723 dett.
1769 3670 1926 3723 libris
1962 3669 2170 3724 addunt
2206 3671 2613 3737 adulta-iisque.

398 3738 453 3799 5)
518 3736 695 3787 Verba
742 3737 895 3789 euius
942 3736 1090 3789 modi
1136 3770 1203 3776 --
1251 3738 1511 3792 desineret
1554 3739 1791 3793 insiticia
1836 3741 2081 3795 iudicant
2129 3742 2379 3808 Madvig,
2428 3741 2613 3803 Halm,

400 3804 506 3856 alii.
719 3806 772 3872 6)
809 3806 1011 3873 recepit
1037 3808 1208 3860 <Halm
1246 3810 1380 3862 coni.
1418 3826 1511 3877 pro
1552 3810 1697 3877 vulg.
1735 3810 2050 3877 recepisset;
2097 3811 2240 3865 idem
2279 3815 2438 3865 antea
2486 3810 2613 3863 Ver·

402 3889 489 3926 res
526 3874 649 3927 incl.
