2669 4354
967 967 1052 1030 Μ.
1111 966 1474 1031 TVLLII
1536 965 2088 1030 CICERONIS

641 1226 1172 1308 MARC.
1315 1223 2417 1306 ANTONIVM

1215 1380 1830 1457 ORATIO

1013 1522 1549 1582 PHILIPPICA
1612 1521 2044 1581 SECVNDA.

887 1809 1638 1873 ARGVMENTVM
1697 1807 2180 1872 ERNESTII.

423 1912 627 1965 Habita
670 1929 703 1965 a
747 1912 992 1966 Cicerone
1036 1911 1129 1965 IV.
1178 1913 1316 1965 Non.
1367 1911 1514 1980 Sept.
1566 1912 1803 1964 oratione
1846 1910 2020 1980 prima
2063 1911 2121 1963 in
2168 1911 2492 1975 Antonium,
2540 1907 2613 1960 ille

494 2000 552 2035 se
599 1983 657 2035 in
711 1983 900 2035 villam
948 1982 1288 2035 Tiburtinam
1341 1980 1571 2034 contulit
1623 1982 1805 2049 ibique
1866 1979 2246 2048 septemdecim
2297 1979 2436 2044 dies,
2497 1992 2612 2047 quae
2652 2036 2653 2047 γ

494 2051 740 2106 Ciceroni
789 2051 1175 2120 responderet,
1239 2054 1628 2105 commentatus
1673 2054 1773 2105 est.
1867 2049 1933 2103 A.
1980 2050 2029 2104 d.
2076 2050 2229 2104 XIII.
2278 2049 2398 2103 Kal.
2446 2048 2608 2104 Octob.
2652 2078 2653 2105 i

491 2123 677 2175 habito
704 2127 895 2176 senatu
930 2123 987 2175 in
1026 2122 1303 2175 absentem
1329 2122 1663 2183 Ciceronem,
1705 2120 1799 2190 qui
1838 2138 1893 2173 se
1927 2123 2049 2174 tuto
2080 2121 2138 2173 in
2176 2123 2419 2174 senatum
2452 2119 2613 2173 venire

494 2209 599 2246 non
647 2210 806 2262 posse
852 2193 1230 2260 intellegebat,
1287 2208 1421 2261 quae
1475 2194 1833 2260 cogitaverat,
1895 2193 2147 2245 evomuit.
2238 2193 2342 2244 His
2396 2191 2611 2245 omnibus

494 2263 608 2316 fuse
650 2265 994 2332 graviterque
1037 2262 1323 2333 respondet
1371 2279 1432 2316 ac
1482 2264 1644 2316 simul
1692 2262 1870 2315 omnia
1913 2262 2137 2315 Antonii
2192 2262 2394 2315 scelera
2436 2265 2491 2315 et
2531 2259 2608 2312 fla-

494 2334 634 2400 gitia
671 2336 1048 2387 commemorat
1083 2333 1185 2386 hac
1221 2333 1465 2386 oratione
1502 2333 1717 2396 Cicero;
1776 2348 1910 2399 quae
1945 2335 2009 2385 ut
2044 2331 2105 2388 P.
2147 2332 2425 2385 Manutius
2458 2334 2610 2401 putat,

494 2420 596 2455 non
634 2403 803 2470 dicta,
856 2404 950 2457 sed
988 2405 1190 2472 scripta
1233 2407 1444 2456 tantum
1483 2406 1539 2455 et
1575 2403 1765 2456 deinde
1811 2403 1870 2453 in
1919 2404 2093 2462 lucem
2132 2403 2279 2455 edita
2327 2405 2423 2456 est.
2500 2399 2608 2468 (Cfr.

494 2472 664 2541 Epist.
703 2474 773 2527 ad
808 2474 973 2544 Attic.
1010 2474 1125 2537 XV,
1163 2476 1245 2527 13.
1288 2474 1435 2536 XVI,
1475 2474 1579 2540 11.)

221 1881 248 1931 ἱ

362 2823 401 2887 1
423 2766 706 2881 Quonam
751 2830 881 2872 meo
923 2814 1071 2888 fat0,
1137 2820 1336 2887 patres
1382 2817 1721 2890 conscripti,
1774 2813 1902 2873 fieri
1943 2797 2164 2888 dicam,
2230 2821 2297 2872 ut
2336 2832 2496 2874 nemo
2533 2813 2610 2871 his

367 2919 397 2973 1
422 2912 588 2969 annis
631 2912 835 2985 viginti
893 2912 981 2969 rei
1035 2912 1306 2984 publicae
1352 2909 1533 2971 fuerit
1576 2914 1788 2986 hostis,
1855 2914 1952 2984 qui
2005 2930 2122 2970 non
2166 2913 2386 2971 bellum
2430 2911 2612 2970 eodem

419 3005 679 3071 tempore
726 3000 866 3056 mihi
909 3014 1134 3070 quoque
1193 2999 1510 3057 indixerit?
1610 3001 1737 3058 Nec
1789 3015 1928 3057 vero
1993 3017 2234 3059 necesse
2296 3007 2385 3059 est
2438 3015 2649 3110 quem-¹

345 3095 348 3098 ’
420 3104 591 3160 quam
630 3104 666 3145 a
710 3103 802 3144 me
849 3087 1164 3160 nominari,
1221 3087 1515 3144 vobiscum
1559 3088 1670 3159 ipsi
1714 3086 2118 3146 recordamini.
2217 3089 2367 3146 Mihi
2419 3102 2615 3161 poena-

418 3192 547 3232 rum
583 3175 672 3232 illi
711 3175 842 3247 plus
887 3191 1057 3246 quam
1102 3186 1366 3257 optarem
1384 3168 1438 3254 ¹)
1485 3175 1798 3233 dederunt:
1844 3180 1905 3234 te
1948 3177 2154 3249 miror,
2200 3176 2448 3250 Antoni,
2491 3190 2614 3247 quo·

418 3281 546 3321 rum
591 3262 748 3321 facta
788 3262 1051 3334 imitere,
1100 3278 1297 3319 eorum
1343 3263 1529 3321 exitus
1573 3279 1690 3321 non
1731 3263 2195 3336 perhorrescere.
2287 3265 2473 3336 Atque
2514 3262 2612 3319 hoo

417 3353 479 3409 in
524 3352 654 3408 aliis
699 3351 889 3407 minus
933 3351 1202 3407 mirabar.
1307 3350 1495 3408 Nemo
1543 3351 1695 3408 enim
1750 3351 1980 3409 illorum
2038 3352 2303 3410 inimicus
2348 3352 2481 3409 mihi
2515 3347 2612 3405 fuit

417 3439 809 3511 voluntariuS,
870 3454 1068 3495 omnes
1109 3453 1145 3494 a
1197 3456 1288 3496 me
1337 3439 1426 3496 rei
1468 3438 1738 3510 publicae
1801 3455 1976 3497 causa
2031 3440 2307 3499 lacessiti.
2410 3440 2493 3496 Tu
2544 3452 2608 3492 ne

418 3526 596 3583 verbo
655 3525 890 3599 quidem
966 3525 1239 3600 violatuS,
1322 3530 1387 3582 ut
1442 3526 1713 3583 audacior
1769 3543 1940 3598 quam
1996 3526 2277 3602 Catilina,
2364 3524 2609 3584 furiosior

421 3628 588 3684 quam
634 3612 865 3670 Clodius
921 3612 1221 3686 viderere,
1285 3614 1436 3671 ultro
1483 3629 1576 3669 me
1631 3614 1956 3672 maledictis
2015 3615 2304 3674 lacessisti
2358 3620 2605 3683 tuamque

522 3845 576 3912 1)
613 3848 866 3909 optaram
903 3843 1208 3900 Heumanni
1245 3851 1301 3901 et
1336 3843 1573 3901 Ernestii
1609 3845 1825 3902 coniect.
1864 3865 1968 3931 rec.
2007 3846 2260 3916 Madvig,
2301 3839 2579 3902 Eberhard.
