2669 4354
0 239 9 416 l

803 263 917 304 :eno
958 265 1009 304 r.
1053 262 1244 305 Amo
1288 263 1537 305 monn.
2158 249 2279 307 199

0 437 1 484 ἒ
89 437 262 494 liberis
305 440 511 496 vestris
566 454 738 497 ausus
784 454 1002 511 essem,
1062 439 1111 495 si
1158 439 1250 511 id,
1307 436 1459 510 quod
1490 433 1536 517 ¹)
1583 436 1869 510 conabar,
1927 438 2052 496 sine
2098 439 2279 496 maxi-

0 535 5 548 ·
89 526 174 581 mis
223 525 690 584 dimicationibus
749 528 893 584 meis
955 543 1046 583 me
1108 542 1237 585 esse
1296 541 1568 583 ausurum
1624 525 1987 584 arbitrarer?
2115 526 2276 597 Quae

0 629 7 636 ’
86 613 269 671 mulier
312 613 660 672 sceleratum
707 629 775 671 ac
821 614 1207 686 perniciosum
1252 614 1436 671 civem
1475 611 1805 671 interficere
1852 630 1965 672 non
2013 613 2276 686 auderet,

86 701 122 755 si
149 702 465 773 perieulum
507 718 622 759 non
666 702 943 759 timeret?
1039 701 1344 773 Proposita
1386 700 1631 775 invidia,
1678 705 1916 774 morte,
1939 717 2130 775 poena
2174 702 2275 774 qui

84 788 237 846 nihilo
283 790 522 861 segnius
568 806 690 847 rem
734 789 1023 862 publicam
1070 788 1356 859 defendit,
1416 790 1466 845 is
1518 789 1607 845 vir
1651 804 1788 846 vere
1834 788 2121 862 putandus
2167 795 2272 847 est.

83 875 255 947 Populi
311 878 464 949 grati
522 883 612 934 est
658 877 932 949 praemiis
989 874 1240 935 adficere
1300 876 1452 934 bene
1498 876 1739 934 meritos
1784 876 1858 934 de
1918 893 1983 934 re
2037 876 2274 950 publica

80 964 236 1037 cives,
305 965 416 1022 viri
462 963 628 1021 fortis
676 982 751 1022 ne
793 964 1087 1036 suppliciis
1118 963 1349 1035 quidem
1394 964 1636 1035 moveri,
1683 969 1747 1021 ut
1792 962 2025 1022 fortiter
2060 963 2270 1023 fecisse

77 1054 371 1122 paeniteat.
465 1051 646 1122 Quam
693 1052 765 1110 ob
811 1068 934 1110 rem
982 1057 1244 1109 uteretur
1288 1051 1493 1110 eadem
1536 1050 1896 1110 confessione
1935 1052 1999 1109 T.
2031 1053 2271 1126 Annius,
2292 1048 2372 1105 83

4 1157 11 1218 j.
76 1155 168 1209 qua
207 1139 426 1212 Ahala,
474 1156 589 1210 qua
627 1141 867 1211 Nasica,
924 1156 1039 1211 qua
1083 1139 1370 1211 Opimius,
1421 1155 1537 1211 qua
1581 1139 1831 1213 Marius,
1888 1155 2001 1211 qua
2045 1145 2274 1198 nosmet

6 1233 11 1242 '
73 1227 189 1300 ipsi,
234 1233 321 1300 et,
371 1229 422 1284 si
452 1233 621 1298 grata
651 1244 746 1284 res
778 1226 1014 1301 publica
1058 1232 1240 1300 esset,
1287 1227 1642 1300 laetaretur,
1683 1228 1731 1285 si
1761 1229 2028 1300 ingrata,
2074 1233 2271 1286 tamen

73 1315 120 1370 in
159 1315 318 1387 gravi
366 1313 600 1373 fortuna
642 1315 998 1373 conscientia
1038 1330 1143 1372 sua
1187 1315 1490 1372 niteretur.

220 1402 339 1461 Sed
398 1403 566 1460 huius
620 1400 887 1460 beneficii
942 1403 1221 1475 gratiam,
1302 1402 1553 1474 iudiceS,
1623 1400 1855 1460 fortuna
1915 1403 2112 1476 populi
2155 1401 2270 1461 Ro-

6 1495 13 1558 ;
71 1491 203 1547 mani
262 1496 325 1547 et
387 1496 587 1549 vestra
648 1489 898 1548 felicitas
963 1495 1023 1547 et
1081 1490 1140 1546 di
1197 1491 1552 1547 immortales
1614 1488 1724 1547 sibi
1785 1488 1987 1548 deberi
2049 1496 2269 1562 putant.

8 1599 11 1606 ·
69 1576 174 1634 Nec
218 1594 359 1636 vero
405 1579 709 1650 quisquam
754 1578 929 1635 aliter
982 1577 1250 1635 arbitrari
1307 1582 1531 1651 potest,
1593 1578 1702 1634 nisi
1747 1578 1844 1648 qui
1891 1577 2107 1634 nullam
2152 1578 2267 1635 vim

69 1679 173 1722 esse
217 1665 384 1723 ducit
430 1682 716 1724 numenve
758 1665 1038 1738 divinum,
1095 1682 1264 1736 quem
1310 1680 1500 1736 neque
1545 1665 1776 1737 imperii
1819 1666 2001 1722 nostri
2045 1667 2268 1738 magni-

67 1753 182 1810 tudo
224 1770 423 1825 neque
489 1754 573 1810 sol
631 1753 732 1811 ille
785 1769 895 1810 nec
943 1753 1091 1810 caeli
1143 1753 1550 1826 signorumque
1595 1757 1783 1810 motus
1827 1768 1939 1810 nec
1983 1753 2268 1810 vicissitu-

66 1839 206 1898 dines
247 1858 453 1899 rerum
515 1845 688 1912 atque
750 1840 982 1898 ordines
1037 1845 1296 1913 movent,
1359 1856 1584 1913 neque,
1644 1839 1704 1896 id
1750 1839 1902 1913 quod
1955 1841 2266 1898 maximum

6 1953 11 1959 ·
65 1933 164 2000 est,
225 1929 524 1986 maiorum
569 1929 883 2000 sapientia,
958 1929 1054 2000 qui
1110 1944 1304 2000 sacra,
1384 1928 1480 2000 qui
1527 1927 1906 1985 caerimonias
1926 1972 1941 2001 ,
2018 1928 2117 2000 qui
2163 1944 2264 1984 au-

63 2017 221 2085 spicia
265 2021 328 2075 et
377 2016 488 2088 ipsi
535 2016 893 2074 sanctissime
941 2017 1247 2073 coluerunt
1291 2020 1353 2072 et
1396 2015 1588 2089 nobis,
1646 2016 1765 2072 suis
1809 2016 2086 2088 posteriS,
2131 2031 2263 2087 pro-

4 2151 11 2174 ,
62 2101 326 2162 diderunt.
423 2103 561 2176 Est,
626 2108 716 2160 est
765 2102 1024 2176 profecto
1081 2103 1183 2160 illa
1240 2104 1353 2176 viS,
1414 2113 1603 2174 neque
1663 2103 1724 2159 in
1782 2103 1873 2160 his
1929 2102 2260 2175 corporibus
2279 2089 2367 2156 31

62 2198 208 2263 atque
270 2194 334 2250 in
397 2193 507 2249 hac
565 2191 963 2250 imbecillitate
1019 2197 1219 2249 nostra
1273 2192 1427 2248 inest
1488 2191 1783 2264 quiddam,
1855 2190 2009 2263 quod
2068 2192 2263 2265 vigeat
2282 2186 2366 2243 84

2 2320 11 2345 2
64 2285 108 2335 et
145 2282 394 2352 sentiat,
439 2284 501 2336 et
519 2273 569 2358 2)
611 2296 727 2337 non
767 2280 920 2337 inest
962 2281 1023 2336 in
1066 2280 1175 2336 hoc
1220 2285 1384 2337 tanto
1424 2284 1668 2337 naturae
1715 2286 1834 2337 tam
1859 2273 1911 2356 ³)
1957 2280 2259 2351 praeclaro

62 2373 217 2440 motu;
280 2369 402 2426 nisi
445 2366 594 2425 forte
641 2367 854 2425 idcirco
897 2384 1012 2425 non
1055 2372 1262 2441 putant
1277 2412 1292 2439 ,
1353 2368 1490 2439 quia
1534 2382 1648 2425 non
1694 2372 1938 2441 apparet
1982 2384 2090 2425 nec
2136 2383 2263 2425 cer-

2 2460 7 2525 ?
62 2455 215 2530 nitur,
263 2455 515 2528 proinde
563 2455 725 2528 quasi
771 2461 1026 2513 nostram
1075 2456 1259 2526 ipsam
1303 2460 1558 2512 mentem
1575 2499 1591 2527 ,
1649 2471 1765 2526 qua
1809 2454 2091 2529 sapimuS,
2147 2472 2262 2528 qua

60 2543 442 2615 providemus,
533 2559 646 2614 qua
706 2543 851 2599 haec
927 2543 1054 2616 ipsa
1116 2542 1340 2614 agimus
1409 2558 1477 2599 ac
1544 2542 1813 2615 dicimus,
1892 2540 2091 2600 videre
2160 2548 2263 2600 aut

58 2629 234 2705 plane,
282 2631 478 2703 qualis
517 2636 618 2688 aut
662 2630 760 2688 ubi
806 2630 915 2703 sit,
972 2631 1189 2688 sentire
1236 2630 1536 2703 possimus.
1624 2630 1716 2687 Ea
1760 2630 1846 2687 vis
1893 2629 2071 2701 igitur
2113 2630 2258 2702 ipsa,

60 2734 181 2787 quae
227 2735 414 2791 saepe
461 2717 832 2776 incredibiles
889 2719 1025 2775 huic
1077 2717 1206 2775 urbi
1268 2716 1579 2774 felicitates
1634 2722 1810 2789 atque
1858 2732 1997 2789 opes
2047 2718 2259 2791 attulit,

57 2804 191 2862 illam
247 2806 575 2880 perniciem
623 2806 898 2862 exstinxit
955 2822 1023 2863 ac
1070 2805 1328 2875 sustulit,
1388 2806 1480 2861 cui
1525 2803 1770 2875 primum
1815 2811 2065 2862 mentem
2114 2806 2260 2863 inie-

57 2893 147 2965 eit,
208 2901 277 2952 ut
321 2893 383 2951 vi
427 2894 670 2951 inritare
718 2892 989 2964 ferroque
1035 2895 1323 2951 lacessere
1369 2890 1742 2949 fortissimum
1787 2894 1970 2950 virum
2016 2892 2261 2951 auderet

55 2981 491 3053 vincereturque
539 2981 610 3039 ab
657 2997 758 3054 e0,
813 2998 981 3053 quem
1034 2981 1083 3038 si
1128 2981 1394 3054 vicisset,
1457 2979 1757 3038 habiturus
1803 2984 1960 3038 esset
2011 2981 2259 3053 impuni-

54 3072 210 3127 tatem
259 3074 324 3127 et
373 3069 668 3127 licentiam
714 3069 1141 3141 sempiternam.
1241 3068 1374 3126 Non
1418 3072 1507 3125 est
1553 3067 1802 3125 humano
1848 3068 2118 3141 consilio,
2184 3084 2258 3125 ne
2280 3060 2362 3119 85

54 3157 312 3216 mediocri
375 3157 609 3228 quidem
628 3201 643 3229 ,
719 3155 973 3229 iudiceS,
1040 3156 1279 3214 deorum
1334 3156 1743 3213 immortalium
1808 3171 1946 3212 cura
2003 3171 2098 3212 res
2157 3156 2260 3213 illa

0 3268 2 3327 3
52 3243 323 3313 perfecta:
382 3244 692 3318 religiones
737 3244 1070 3302 mehercule
1122 3245 1284 3316 ipsae
1303 3288 1318 3316 ,
1387 3260 1534 3314 quae
1554 3236 1609 3324 ⁴)
1672 3243 1832 3302 illam
1886 3244 2119 3301 beluam
2164 3259 2259 3301 ca-

0 3352 2 3357 ·
54 3329 171 3391 dere
217 3332 519 3405 viderunt,
568 3332 939 3389 commovisse
985 3348 1049 3390 se
1095 3330 1369 3389 videntur
1414 3336 1474 3388 et
1519 3331 1611 3387 ius
1656 3331 1718 3387 in
1762 3331 1862 3388 illo
1908 3348 2074 3389 suum
2118 3332 2260 3390 reti-

52 3420 242 3481 nuisse.
338 3419 456 3478 Vos
499 3420 653 3478 enim
689 3420 836 3493 iam,
896 3418 1106 3477 Albani
1147 3418 1351 3476 tumuli
1397 3423 1574 3490 atque
1614 3417 1756 3492 luci,
1819 3435 1948 3490 vos,
2005 3419 2258 3494 inquam,

172 3654 226 3719 1)
278 3666 402 3703 cum
438 3650 552 3704 Erf.
591 3651 770 3713 solus,
826 3649 976 3719 prob.
1032 3648 1220 3711 Klotz,
1284 3608 1538 3716 Madvig,
1593 3602 1892 3713 Eberhard,
1948 3650 2094 3717 quod
2139 3667 2260 3704 eum

50 3724 132 3773 eet.
170 3722 323 3775 codd.
361 3723 543 3774 Halm.
718 3722 772 3787 2)
809 3727 859 3773 et
896 3720 1051 3773 deest
1086 3719 1140 3772 in
1178 3720 1332 3773 codd.
1374 3720 1627 3788 Tegerns.
1670 3723 1725 3772 et
1760 3720 1898 3785 Erf.;
1946 3737 2045 3776 om.
2084 3721 2258 3784 Halm,

50 3788 325 3846 Eberhard.
505 3792 560 3851 3)
609 3795 659 3843 et
695 3795 809 3844 tam
844 3790 1023 3844 Halm.
1203 3791 1260 3856 4)
1318 3790 1410 3843 Sic
1447 3789 1585 3855 Erf.;
1620 3791 1675 3843 in
1714 3789 1963 3858 Tegerns.
2001 3795 2085 3844 est
2120 3806 2260 3857 quae

49 3874 181 3927 cum,
218 3863 283 3915 in
321 3863 441 3916 aliis
472 3876 611 3914 cum.
1687 3930 1824 3994 13*
