2669 4354
734 226 845 265 rito
889 219 1019 265 sEx.
1063 225 1271 265 Rosmo
1314 226 1609 266 AMERINO.
2204 211 2279 265 11

89 396 357 455 adflixerit
376 391 454 476 ¹),
518 413 660 468 quos
713 398 848 469 quia
907 413 1142 455 servare
1186 414 1293 469 per
1338 397 1812 470 compositionem
1858 397 2120 469 volebat3
2155 397 2282 468 ipse

88 486 156 543 ab
222 485 285 541 iis
340 485 724 555 interemptus
776 490 883 542 est.
980 484 1163 542 Estne
1219 486 1329 542 hoc
1389 485 1476 541 illi
1527 485 1680 542 dicto
1725 490 1897 556 atque
1936 484 2092 543 facto
2129 484 2284 541 Fim-
2304 490 2386 546 34

86 573 273 630 briano
327 573 715 630 simillimum?
813 572 1118 630 Accusatis
1173 573 1302 631 Sex.
1365 573 1650 631 Roscium.
1754 573 1901 643 Quid
1959 574 2081 630 ita?
2151 573 2286 643 quia

86 661 155 718 de
200 661 449 718 manibus
494 662 704 717 vestris
755 660 988 733 effugit,
1035 661 1169 732 quia
1208 676 1270 717 se
1312 660 1500 716 occidi
1540 675 1744 731 passus
1787 677 1904 717 non
1934 664 2042 717 est.
2116 659 2284 731 Illud,

85 750 214 820 quia
252 749 310 804 in
349 747 625 806 Scaevola
670 746 888 805 factum
930 754 1045 820 est,
1094 749 1276 820 magis
1316 748 1614 819 indignum
1657 749 1914 806 videtur:
1975 749 2110 821 hoc,
2152 747 2286 819 quia

84 834 145 891 fit
184 852 216 893 a
255 835 650 908 ChrysogonO,
711 853 849 892 num
868 829 920 915 2)
963 840 1052 893 est
1096 834 1444 894 ferendum?
1533 835 1680 893 Nam
1723 853 1829 907 per
1874 835 2013 891 deos
2056 836 2287 892 immor-

84 923 252 996 taleS,
311 924 447 995 quid
501 929 592 980 est
640 924 702 980 in
761 924 872 981 hac
925 939 1130 995 causa,
1197 921 1347 994 quod
1410 921 1762 981 defensionis
1815 922 2112 995 indigeat?
2188 923 2285 993 qui

83 1011 234 1067 locus
282 1012 574 1085 ingenium
623 1011 853 1083 patroni
912 1011 1157 1083 requirit
1200 1015 1302 1067 aut
1347 1011 1595 1067 oratoris
1642 1011 2031 1082 eloquentiam
2077 1026 2285 1082 magno

85 1113 251 1169 opere
293 1099 622 1157 desiderat?
691 1099 898 1156 Totam
939 1115 1196 1172 causam,
1243 1098 1494 1170 iudiccS,
1544 1100 1891 1171 explicemus
1930 1103 2102 1169 atque
2149 1102 2285 1155 ante

86 1187 271 1243 oculos
327 1187 646 1260 expositam
707 1186 1170 1245 consideremus:
1242 1188 1326 1244 ita
1387 1184 1687 1259 facillime,
1749 1202 1896 1258 quae
1953 1201 2049 1243 res
2103 1190 2286 1243 totum

85 1273 342 1331 iudicium
407 1275 707 1331 contineat
772 1280 832 1332 et
898 1273 1102 1346 quibus
1158 1274 1232 1330 de
1293 1274 1469 1331 rebus
1520 1290 1627 1331 nos
1673 1274 1870 1332 dicere
1916 1276 2184 1346 oporteat
2227 1278 2287 1330 et

86 1361 215 1432 quid
256 1379 348 1419 vos
393 1362 556 1434 sequi
604 1363 940 1435 conveniat,
984 1362 1356 1435 intellegetis,

250 1450 388 1507 Tres
455 1454 591 1507 sunt
658 1466 789 1522 reS,
865 1455 1141 1521 quantum
1219 1466 1327 1521 ego
1405 1449 1737 1506 existimare
1806 1465 2065 1521 possum,
2136 1464 2284 1519 quae
2304 1442 2390 1508 13

86 1536 302 1594 obstent
329 1538 437 1595 hoc
466 1542 730 1608 tempore
763 1537 891 1596 Sex.
924 1536 1164 1594 Roscio:
1213 1538 1433 1593 crimen
1465 1536 1928 1595 adversariorum
1959 1543 2019 1595 et
2043 1535 2288 1593 audacia
2307 1535 2390 1594 35

88 1630 144 1680 et
185 1626 450 1697 potentia.
523 1624 794 1683 Criminis
835 1623 1236 1682 confictionem
1281 1631 1583 1682 accusator
1627 1624 1874 1680 Erucius
1898 1617 1950 1703 ³)
1995 1625 2287 1696 suscepit,

88 1711 348 1771 audaciae
392 1722 596 1786 partes
639 1712 833 1770 Roscii
879 1712 990 1769 sibi
1032 1716 1453 1784 poposcerunt3
1502 1711 1902 1783 Chrysogonus
1949 1717 2175 1784 autem,
2238 1712 2289 1768 is

88 1801 178 1869 qui
204 1802 501 1872 plurimum
529 1806 750 1873 potest,
787 1801 1051 1872 potentia
1080 1805 1317 1873 pugnat.
1394 1798 1484 1857 De
1517 1800 1676 1857 hisce
1707 1798 1967 1857 omnibus
1995 1799 2170 1856 rebus
2195 1814 2288 1855 me

91 1886 272 1945 dicere
324 1894 596 1961 oportere
654 1878 951 1959 intellego.
1043 1887 1191 1957 Quid
1244 1888 1425 1958 igitur
1480 1890 1612 1944 est?
1698 1888 1828 1944 Non
1873 1887 2078 1944 eodem
2121 1886 2291 1944 modo
2312 1886 2390 1943 36

93 1973 160 2032 de
205 1978 492 2050 omnibus,
536 1975 670 2034 ideo
720 1976 873 2048 quod
918 1977 1106 2048 prima
1152 1975 1252 2032 illa
1282 1991 1380 2032 res
1410 1975 1485 2031 ad
1516 1991 1706 2031 meum
1739 1973 1987 2031 officium
2016 1974 2290 2047 pertinet,

96 2061 226 2120 duas
255 2072 439 2122 autem
485 2065 739 2136 reliquas
785 2064 947 2121 vobis
992 2064 1235 2135 populus
1265 2062 1557 2121 Romanus
1588 2062 1884 2134 imposuit:
1934 2078 2041 2135 ego
2074 2063 2292 2119 crimen

99 2157 309 2223 oportet
350 2153 600 2226 diluam,
638 2168 738 2210 vos
784 2157 845 2210 et
888 2151 1169 2210 audaciae
1214 2151 1492 2209 resistere
1538 2157 1598 2210 et
1639 2151 1932 2208 hominum
1979 2151 2105 2208 eius
2141 2149 2294 2208 modi

96 2240 454 2308 perniciosam
500 2246 676 2313 atque
722 2239 1147 2297 intolerandam
1191 2240 1508 2311 potentiam
1555 2239 1737 2312 primo
1770 2255 1995 2312 quoque
2033 2245 2294 2312 tempore

97 2328 441 2401 exstinguere
490 2334 666 2400 atque
708 2328 1036 2400 opprimere
1082 2327 1324 2386 debetis.

254 2415 543 2474 Occidisse
609 2422 838 2488 patrem
905 2416 1035 2473 Sex.
1103 2415 1347 2472 Roscius
1405 2414 1684 2486 arguitur.
1805 2415 2161 2486 Scelestum,
2237 2411 2395 2487 (1137

94 2501 458 2577 immortaleS,
506 2520 575 2561 ac
622 2502 908 2561 nefarium
952 2502 1177 2560 facinus
1219 2509 1392 2575 atque
1441 2503 1564 2560 eius
1595 2502 1783 2575 modi,
1829 2519 1942 2575 quo
1974 2517 2088 2558 uno
2119 2502 2298 2558 male-

93 2587 214 2647 ficio
269 2593 491 2649 scelera
557 2591 748 2649 omnia
793 2591 1092 2661 complexa
1150 2606 1279 2648 esse
1323 2591 1638 2648 videantur
1660 2583 1731 2668 ⁴).
1823 2590 2057 2648 Etenim
2102 2590 2178 2662 si,
2238 2588 2298 2644 id

92 2678 232 2746 quod
273 2681 573 2752 praeclare
614 2696 650 2737 a
694 2678 1052 2750 sapientibus
1097 2679 1336 2752 dicitur,
1381 2680 1538 2736 voltu
1582 2693 1756 2748 saepo
1802 2679 2055 2736 laeditur
2093 2677 2297 2748 pietaS,

92 2765 230 2835 quod
273 2768 614 2840 supplicium
659 2767 801 2825 satis
847 2782 981 2823 acre
1021 2766 1355 2838 reperietur
1392 2767 1454 2822 in
1501 2783 1664 2837 euni,
1711 2767 1808 2835 qui
1855 2771 2100 2823 mortem
2132 2762 2298 2821 obtu-

92 2851 218 2910 lerit
257 2856 514 2928 parenti,
559 2872 663 2926 pro
710 2871 820 2926 quo
864 2855 1009 2912 mori
1054 2856 1269 2927 ipsum,
1315 2854 1364 2910 si
1411 2870 1505 2912 res
1549 2854 1896 2926 postularet,
1942 2854 2072 2909 iura
2103 2851 2297 2907 divina

96 2945 248 3012 atque
289 2944 542 3000 humana
583 2942 907 3014 cogebant?
995 2943 1063 2999 In
1107 2941 1217 2998 hoc
1263 2946 1454 3014 tant0,
1501 2946 1622 2998 tam
1665 2935 1882 3013 atroci,
1940 2946 2057 2997 tam
2103 2939 2295 3009 singu·
2318 2934 2398 2990 38

96 3026 191 3084 lari
252 3030 562 3102 maleficiO,
630 3030 782 3101 quod
836 3031 920 3086 ita
980 3046 1116 3088 raro
1181 3030 1435 3100 exstitit,
1502 3034 1598 3100 ut,
1669 3028 1718 3084 si
1765 3026 1991 3099 quando
2036 3026 2296 3083 auditum

97 3114 162 3171 sit
181 3111 260 3192 ⁵),
303 3119 559 3190 portenti
604 3134 672 3175 ac
716 3117 961 3188 prodigii
995 3118 1182 3174 simile
1214 3121 1589 3188 numeretur,
1634 3116 1839 3186 quibus
1871 3115 2106 3173 tandem
2135 3119 2200 3171 tu
2224 3107 2298 3193 6),

98 3200 152 3259 C.
190 3203 389 3279 Eruci,
453 3206 810 3279 argumentis
857 3210 1254 3263 accusatorem
1297 3221 1504 3261 censes
1547 3204 1634 3261 uti
1678 3207 1996 3276 oportere?
2085 3202 2294 3260 Nonne

252 3405 304 3484 1)
342 3409 562 3457 tamum
607 3402 792 3469 potuit
840 3406 904 3453 ut
956 3418 1075 3454 unc.
1124 3401 1249 3455 incl.
1294 3400 1565 3454 Garatoni.
1656 3399 1808 3464 Quod
1851 3401 1909 3453 in
1957 3399 2070 3453 cod.
2119 3399 2295 3454 Guelf.

97 3475 207 3536 post
241 3474 372 3526 cives
410 3473 627 3526 additur
665 3472 900 3537 occisus,
947 3471 1167 3524 Richter
1217 3488 1318 3523 scr.
1364 3471 1461 3536 qui
1491 3476 1708 3524 tantum
1738 3475 1854 3536 pot.
1893 3477 1954 3524 ut
1986 3486 2090 3522 om.
2128 3486 2171 3524 c.
2211 3487 2296 3524 oc-

96 3540 226 3595 cisus
244 3543 544 3610 perdiderit
576 3548 625 3595 et
656 3541 949 3608 adflixerit
1094 3541 1146 3608 2)
1186 3557 1317 3593 mim
1356 3541 1596 3603 Hotom.;
1636 3540 1785 3594 codd.
1821 3557 1949 3593 non.
2025 3540 2298 3594 Eberhard

94 3609 362 3680 indiynum
396 3613 506 3668 vid.
545 3642 613 3650 —
651 3629 785 3664 rium
820 3616 900 3663 est
935 3611 1108 3678 mayis
1144 3612 1240 3676 fer.
1440 3612 1493 3677 3)
1523 3611 1767 3664 Erucius
1804 3611 2024 3664 inclusit
2057 3610 2295 3678 Madvig.

95 3690 360 3737 accusator
408 3684 535 3736 incl.
586 3681 880 3735 Eberhard.
1128 3683 1183 3748 4)
1245 3680 1389 3748 quod
1433 3698 1544 3733 urio
1579 3681 1839 3747 irzaleficio
1876 3681 2076 3733 scelera
2111 3680 2298 3732 omnia

96 3754 402 3878 (clompgexiffin
412 3769 544 3877 desse
577 3752 830 3877 vgdqezcbzur
865 3752 1083 3876 {akodd
1137 3755 1267 3875 Alb)
1288 3751 1570 3875 tauditissss
1597 3757 1674 3876 ctst
1710 3752 1891 3804 Halm.
2069 3751 2126 3816 6)
2175 3755 2297 3802 tan-

84 3837 285 3876 ·emu
376 3840 667 3892 avigza
777 3839 829 3874 m
951 3839 1101 3874 co.
1211 3839 1251 3874 11
1311 3837 1478 3874 eom]
1573 3840 1647 3875 n.
