2669 4354
711 249 824 288 Pno
867 249 998 288 sax.
1044 249 1250 289 Roscro
1294 250 1588 291 AMERmO.
2217 236 2252 291 9

43 421 429 479 crediderunt:
493 421 792 479 Ameriam
846 438 913 479 re
967 422 1197 480 inorata
1250 427 1641 479 reverterunt.
1743 416 1836 478 Ac
1902 422 2087 494 primo
2129 440 2254 481 rem

42 506 270 567 differre
316 509 532 567 cotidie
584 525 654 566 ac
699 510 1123 581 procrastinare
1170 511 1266 566 isti
1313 515 1659 582 coeperunt3
1704 509 1914 568 deinde
1956 511 2254 582 aliquanto

42 596 302 654 licentius
345 596 493 653 nihil
512 590 564 675 ¹)
613 614 787 670 agere
834 601 1004 668 atque
1053 596 1360 671 deludere3
1406 602 1723 670 postremo,
1787 597 1847 653 id
1892 597 2043 668 quod
2079 597 2251 656 facile

41 683 396 742 intellectum
465 689 588 757 est,
652 685 892 742 insidias
961 686 1115 743 vitae
1181 686 1421 742 huiusce
1491 684 1618 743 Sex.
1687 684 1882 742 Roscii
1902 679 1953 764 ²)
2021 702 2251 760 parare,

43 788 225 842 neque
290 788 418 830 sese
489 772 767 829 arbitrari
831 788 1003 844 posse
1070 772 1284 830 diutius
1353 773 1603 829 alienam
1660 774 1964 843 pecuniam
2022 774 2251 832 domino

42 858 309 916 incolumi
359 860 645 919 obtinere.
745 860 908 930 Quod
963 859 1058 916 hic
1117 862 1285 917 simul
1331 865 1505 932 atque
1549 860 1753 932 sensit,
1817 859 1888 918 de
1936 861 2250 918 amicorum
2269 857 2357 922 10

43 954 528 1020 cognatorumque
587 948 877 1005 sententia
919 947 1160 1005 Romam
1224 946 1482 1020 confugit
1527 952 1587 1005 et
1624 964 1752 1005 sese
1799 948 1873 1005 ad
1919 947 2250 1023 Caeciliam,
2273 952 2353 1007 27

40 1029 307 1107 [Nepotis
350 1031 559 1110 filiam]
579 1029 657 1113 3),
726 1051 897 1107 quam
951 1036 1183 1093 honoris
1244 1051 1419 1092 causa
1472 1036 1732 1108 nomino,
1800 1036 2068 1106 contulit,
2138 1053 2252 1106 qua

41 1126 204 1190 pater
246 1140 379 1180 usus
428 1130 557 1182 erat
599 1123 928 1194 plurimum:
985 1124 1046 1181 in
1092 1140 1206 1194 qua
1251 1124 1520 1195 muliere,
1562 1122 1811 1194 iudiceS‚
1862 1123 2037 1181 etiam
2082 1141 2252 1198 nunc,

42 1208 97 1264 id
151 1211 303 1280 quod
378 1226 579 1268 omnes
644 1225 873 1282 semper
939 1211 1448 1283 existimaverunt,
1526 1211 1688 1282 quasi
1756 1211 2004 1283 exempli
2079 1227 2253 1269 causa

43 1297 281 1368 vestigia
348 1299 577 1370 antiqui
636 1295 814 1354 officii
880 1303 1204 1357 remanent.
1315 1298 1406 1356 Ea
1473 1299 1601 1356 Sex.
1667 1298 1936 1355 Roscium
2002 1299 2251 1372 inopem,

45 1384 288 1442 eiectum
331 1386 499 1443 domo
549 1390 719 1456 atque
768 1385 1061 1457 expulsum
1109 1403 1181 1443 ex
1217 1387 1334 1444 suis
1378 1386 1570 1459 boniS,
1615 1385 1934 1457 fugientem
1965 1386 2254 1443 latronum

44 1471 158 1527 tela
207 1478 265 1529 et
308 1475 494 1531 minas
539 1474 764 1545 recepit
809 1473 1036 1530 domum
1083 1474 1409 1546 hospitique
1458 1490 1730 1546 oppresso
1775 1475 1891 1529 iam
1921 1473 2254 1545 desperato-

44 1575 149 1627 que
217 1561 286 1617 ab
352 1562 618 1618 omnibus
671 1561 954 1632 opitulata
1015 1566 1120 1618 est.
1221 1562 1367 1619 Eius
1425 1562 1636 1618 virtute
1655 1606 1671 1635 ,
1735 1560 1848 1618 fide
1868 1604 1883 1633 ,
1952 1561 2255 1634 diligentia

42 1643 256 1703 factum
320 1653 440 1722 est,
511 1653 576 1705 ut
628 1647 721 1704 hic
774 1649 966 1719 potius
1019 1650 1185 1706 vivus
1239 1650 1297 1705 in
1355 1666 1490 1706 reos
1536 1665 1706 1720 quam
1751 1649 1973 1706 occisus
2018 1651 2080 1706 in
2124 1667 2255 1722 pro-

47 1735 280 1806 scriptos
343 1734 684 1795 referretur.
797 1737 946 1793 Nam
1014 1742 1319 1808 postquam
1385 1737 1483 1793 isti
1551 1736 1968 1794 intellexerunt
2034 1753 2254 1795 summa
2274 1739 2355 1796 28
2455 1800 2460 1807 ,

47 1818 337 1894 diligentia
397 1825 576 1881 vitam
634 1824 763 1882 Sex.
824 1822 1032 1881 Roscii·
1086 1824 1362 1881 custodiri
1412 1839 1599 1895 neque
1662 1822 1771 1881 sibi
1826 1824 2000 1880 ullam
2061 1824 2255 1882 caedis

47 1905 339 1969 faciundae
400 1916 750 1983 potestatem
811 1911 969 1984 dari,
1029 1911 1329 1969 consilium
1387 1916 1668 1983 ceperunt
1723 1912 1957 1984 plenum
2014 1913 2254 1969 sceleris

55 2000 108 2050 et
149 1997 445 2072 audaciae,
491 2006 557 2056 ut
597 2015 807 2056 nomen
851 1999 1019 2056 huius
1063 1999 1134 2056 de
1179 1999 1489 2072 parricidio
1533 1996 1863 2072 deferrent,
1908 2002 1974 2054 ut
2019 2000 2093 2057 ad
2125 2016 2252 2057 eam

55 2098 166 2139 rem
229 2085 475 2158 aliquem
534 2092 930 2144 accusatorem
989 2093 1251 2145 veterem
1309 2092 1736 2159 compararent,
1805 2087 1898 2158 qui
1946 2086 2020 2144 de
2069 2103 2141 2145 ea
2186 2106 2252 2146 re

54 2179 235 2240 posset
273 2173 468 2232 dicere
517 2174 761 2248 aliquid,
799 2175 861 2231 in
900 2192 1012 2246 qua
1055 2193 1120 2234 re
1168 2175 1327 2232 nulla
1373 2175 1638 2234 subesset
1673 2174 1954 2248 suspici0,
2002 2174 2253 2248 denique

56 2264 137 2331 ut,
179 2264 441 2332 quoniam
488 2263 729 2320 crimine
777 2278 896 2319 non
939 2268 1236 2336 poterant,
1281 2269 1542 2336 tempore
1587 2263 1713 2335 ipso
1757 2269 2097 2335 pugnarent.
2162 2265 2255 2323 Ita

56 2344 197 2418 loqui
249 2349 540 2408 homines:
610 2349 766 2421 quod
826 2349 1042 2409 iudicia
1098 2357 1217 2408 tam
1274 2350 1374 2408 diu
1434 2351 1590 2407 facta
1651 2367 1767 2408 non
1829 2356 2051 2424 essent,
2120 2368 2253 2409 con-

55 2432 300 2493 demnari
357 2456 488 2497 eum
550 2443 852 2509 oportere,
912 2440 1011 2510 qui
1051 2439 1266 2511 primus
1319 2439 1380 2495 in
1424 2438 1700 2495 iudicium
1745 2437 2024 2496 adductus
2069 2446 2254 2513 esset3

56 2518 177 2579 huic
234 2531 422 2583 autem
478 2531 754 2599 patronos
811 2532 1046 2598 propter
1095 2526 1449 2599 Chrysogoni
1496 2526 1744 2598 gratiam
1789 2524 2120 2599 defutur0s3
2179 2527 2251 2585 de

54 2606 311 2668 bonorum
370 2614 707 2671 venditione
784 2617 845 2671 et
917 2612 990 2670 de
1062 2615 1176 2671 ista
1236 2615 1518 2671 societate
1584 2614 1819 2671 verbum
1881 2630 2010 2671 esse
2071 2613 2255 2672 factu-

56 2711 169 2753 rum
243 2702 566 2773 neminem,
635 2702 760 2773 ipso
838 2702 1069 2759 nomine
1135 2701 1434 2772 parricidii
1502 2707 1562 2758 et
1624 2702 1929 2760 atrocitate
1998 2702 2254 2761 criminis

57 2780 193 2856 fore,
258 2793 321 2845 ut
375 2789 472 2845 hic
521 2788 680 2846 nullo
734 2789 966 2862 negotio
1028 2789 1367 2862 tolleretur,
1448 2805 1574 2845 cum
1632 2788 1703 2845 ab
1763 2790 1918 2846 nullo
1980 2787 2251 2847 defensus

60 2879 211 2930 esset.
295 2876 420 2933 Hoc
488 2876 733 2933 consilio
801 2882 975 2947 atque
1045 2876 1191 2934 adeo
1260 2876 1371 2934 hac
1431 2877 1684 2935 amentia
1742 2875 2002 2948 impulsi,
2081 2893 2252 2947 quem
2272 2876 2351 2931 29

58 2957 181 3032 ipsi,
249 2978 377 3020 cum
433 2970 748 3037 cuperent,
814 2980 931 3022 non
986 2969 1299 3035 potuerunt
1346 2963 1638 3032 occidere,
1703 2979 1835 3019 eum
1879 2964 2251 3037 iugulandum

58 3047 197 3105 vobis
237 3050 617 3108 tradiderunt.

210 3137 356 3207 Quid
400 3139 648 3210 primum
693 3142 942 3209 querar?
990 3143 1090 3195 aut
1120 3138 1273 3196 unde
1304 3138 1691 3211 potissimum,
1728 3138 1977 3212 iudiceS,
2017 3138 2249 3198 ordiar?
2269 3132 2350 3195 11

61 3227 147 3277 aut
185 3227 333 3296 quod
370 3231 472 3283 aut
510 3242 545 3284 a
589 3226 796 3299 quibus
842 3226 1116 3283 auxilium
1163 3230 1395 3298 petam?
1463 3226 1797 3285 Deorumne
1826 3227 2248 3305 immortalium,

60 3312 302 3380 populine
364 3313 646 3387 Romani,
717 3319 1079 3387 vestramne,
1142 3314 1241 3385 qui
1300 3330 1581 3371 summam
1627 3319 1978 3385 potestatem
2021 3315 2249 3386 habetis

60 3392 151 3453 hoc
200 3405 485 3474 tempore,
544 3400 718 3459 fidem
778 3402 1121 3474 implorem?
1208 3401 1390 3458 Pater
1448 3402 1671 3459 occisus
1731 3401 1983 3474 nefarie,
2049 3404 2249 3462 domus
2268 3401 2351 3457 30

61 3481 272 3545 obsessa
316 3489 390 3546 ab
437 3489 717 3563 inimiciS,
764 3490 916 3547 bona
954 3489 1258 3560 adempta,
1317 3505 1608 3563 possessa,
1653 3490 1909 3564 direpta3
1981 3490 2086 3550 filii
2130 3493 2249 3551 vita

211 3705 260 3770 1)
298 3704 388 3757 Sic
423 3704 672 3773 Richter,
712 3704 906 3756 lentius
941 3704 1085 3756 nihil
1119 3682 1295 3768 codd„
1336 3706 1475 3774 quod
1501 3706 1609 3759 def.
1636 3708 1859 3769 Miiller3
1897 3707 2040 3758 nihil
2073 3708 2246 3760 inclu-

63 3768 118 3819 sit
148 3770 319 3826 Halm.
488 3775 541 3842 2)
576 3774 636 3828 S.
674 3774 863 3827 Roscii
898 3775 1022 3827 incl.
1061 3775 1132 3827 du
1169 3776 1322 3828 Rieu.
1494 3778 1547 3843 3)
1586 3779 1759 3832 Uncos
1794 3777 1977 3845 posuit
2011 3777 2235 3844 Kayser.

63 3839 136 3894 cfr.
169 3847 196 3906 ξ
230 3843 344 3898 147.
418 3844 493 3897 N.
533 3861 768 3898 sororem
803 3844 1159 3899 Passeratius.
