2669 4354
440 242 562 299 346
1205 254 1482 296 AccvsAr.
1528 255 1597 294 m
1636 255 1888 294 VERREM

612 430 798 502 Quid?
843 431 1068 502 signum
1101 429 1355 487 Paeanis
1389 446 1460 486 ex
1496 428 1643 486 aede
1676 423 2017 498 Aesculapii
2058 425 2359 499 praeclare
2407 422 2620 495 factum,
2662 412 2663 419 '

436 535 662 577 sacrum
705 535 775 576 ac
823 518 1191 591 religiosum,
1254 535 1372 575 non
1416 515 1741 574 sustulisti?
1801 514 1953 588 quod
1999 530 2197 571 omnes
2242 517 2474 586 propter
2513 513 2622 585 pul-

295 611 415 668 128
436 606 822 665 chritudinem
870 607 1091 679 visere,
1141 612 1380 679 propter
1433 605 1774 678 religionem
1833 603 2025 660 colere
2079 601 2357 659 solebant.
2454 600 2622 670 Quid?

436 712 506 753 ex
564 695 710 753 aede
766 694 967 752 Liberi
1027 695 1393 751 simulacrum
1450 692 1708 750 An‘staei
1778 707 1895 748 non
1965 694 2066 747 tuo
2140 690 2386 762 imperio
2454 690 2624 761 palam
2662 708 2663 719 ¹

434 784 690 841 ablatum
734 785 868 839 est‘?
956 781 1147 851 Quid?
1212 798 1283 839 ex
1329 781 1475 839 aede
1521 781 1674 838 Iovis
1731 778 2225 851 religiosissimum
2281 777 2620 834 simulacrum
2662 794 2663 801 ¹

431 871 583 929 Iovis
638 870 1047 943 Imperatoris,
1101 886 1274 941 quem
1329 868 1542 927 Graeci
1596 858 1826 943 Οὕριον
1875 865 2206 939 nominant,
2260 864 2620 937 pulcherrime

432 959 676 1032 factum,
735 974 926 1016 nonne
974 957 1303 1015 abstulisti?
1388 955 1573 1026 Quid?
1632 971 1703 1012 ex
1746 955 1895 1012 aede
1941 952 2196 1011 Liberae
2241 952 2561 1021 †Parinum
2584 945 2624 1030 ¹)
2662 1010 2663 1031 ἦ

433 1052 608 1120 caput
673 1046 815 1103 illud
869 1045 1341 1118 pulcherrimum,
1410 1042 1561 1115 quod
1617 1043 1806 1099 visere
1868 1040 2193 1099 solebamus
2210 1085 2226 1114 ,
2295 1058 2432 1097 num
2487 1039 2625 1097 dubi-

431 1135 569 1192 tasti
610 1134 818 1192 tollere
838 1127 930 1212 ²)‘?
1018 1132 1210 1204 Atque
1259 1132 1360 1189 ille
1406 1132 1607 1188 Paean
1651 1128 1948 1187 sacrificiis
2012 1129 2427 1186 anniversariis
2483 1128 2627 1185 simul
2662 1158 2663 1189 ;

432 1238 562 1279 cum
607 1221 955 1292 Aesculapio
994 1220 1146 1292 apud
1198 1220 1329 1277 illos
1376 1220 1702 1277 colebatur:
1759 1218 2061 1274 Aristaeus
2081 1261 2096 1289 ,
2152 1217 2251 1289 qui
2306 1209 2395 1294 [ut
2442 1215 2663 1285 Graeci„

430 1309 662 1383 ferunt,
736 1308 931 1366 Liberi
990 1306 1161 1381 filius]
1184 1302 1237 1383 3)
1304 1309 1574 1365 inventor
1640 1306 1755 1362 olei
1824 1320 1950 1363 esse
2021 1303 2261 1378 dicitur,
2337 1319 2458 1361 una
2522 1319 2626 1360 cum

432 1398 645 1455 Libero
696 1402 864 1469 patre
940 1396 1092 1468 apud
1155 1396 1284 1452 illos
1359 1394 1563 1453 eodem
1632 1398 1758 1451 erat
1834 1394 1895 1450 in
1967 1393 2182 1465 templo
2260 1394 2663 1450 consecratus³

328 1480 415 1547 58
431 1485 627 1543 Iovem
673 1489 867 1542 autem
910 1484 1328 1556 Imperatorem
1380 1487 1594 1554 quanto
1639 1482 1860 1538 honore
1916 1480 1977 1537 in
2038 1496 2141 1538 suo
2188 1481 2411 1552 templo
2470 1477 2627 1537 fuisse

289 1575 410 1632 129
433 1573 834 1630 arbitramini?
924 1570 1205 1629 Conicere
1263 1571 1504 1642 potestis
1522 1615 1537 1643 ,
1597 1569 1646 1626 si
1700 1567 1997 1626 recordari
2041 1567 2373 1641 volueritiS,
2436 1573 2628 1640 quanta

430 1661 715 1734 religione
761 1659 940 1716 fuerit
986 1657 1192 1715 eadem
1236 1658 1433 1730 specie
1479 1674 1549 1715 ac
1606 1657 1792 1714 forma
1847 1657 2074 1728 signum
2129 1654 2303 1730 illud,
2368 1655 2525 1728 quod
2571 1671 2628 1711 ex

430 1748 779 1806 Macedonia
823 1751 1054 1819 captum
1074 1740 1126 1825 4)
1170 1747 1233 1802 in
1261 1745 1547 1819 Capitolio
1589 1749 1860 1817 posuerat
1890 1744 1953 1801 T.
1979 1743 2357 1800 Flamininus.
2419 1744 2627 1801 Etenim
2662 1736 2663 1779 ἶ

431 1836 546 1894 tria
590 1834 927 1893 ferebantur
982 1834 1045 1891 in
1088 1835 1227 1891 orbe
1270 1839 1559 1891 terrarum
1608 1834 1775 1906 signa
1820 1832 1972 1889 Iovis
2011 1831 2395 1904 Imperatoris
2435 1847 2542 1889 uno
2577 1831 2628 1886 in
2662 1832 2663 1835 ’

428 1940 647 1996 genere
696 1922 1081 1996 pulcherrime
1141 1921 1323 1979 facta:
1401 1939 1577 1978 unum
1633 1920 1776 1978 illud
1834 1919 2277 1977 Macedonicum
2295 1964 2311 1993 ,
2386 1919 2534 1992 quod
2578 1920 2630 1975 in

432 2011 716 2085 Capitolio
762 2010 1004 2068 vidimus
1028 2003 1109 2090 5):
1156 2009 1403 2067 alterum
1448 2009 1510 2065 in
1553 2008 1726 2066 Ponti
1771 2023 1872 2065 ore
1921 2013 1980 2065 et
2026 2007 2343 2080 angustiis:
2399 2008 2628 2076 tertium,
2662 2016 2663 2051 ὲ

430 2099 580 2171 quod
627 2098 926 2172 Syracusis
975 2102 1111 2155 ante
1155 2097 1403 2155 Verrem
1464 2101 1798 2169 praetorem
1858 2093 1987 2152 fuit.
2089 2094 2267 2152 Illud‘
2281 2094 2628 2153 Flamininus
2662 2090 2663 2093 ’

426 2189 513 2245 ita
561 2203 630 2244 ex
675 2187 822 2245 aede
869 2202 973 2245 sua
1020 2187 1280 2259 sustulit,
1346 2192 1410 2244 ut
1463 2185 1526 2242 in
1574 2185 1882 2258 Capitolio,
1927 2185 2050 2256 ghoc
2106 2189 2195 2241 est
2254 2184 2318 2240 in
2383 2184 2626 2243 terrestri
2662 2181 2663 2260 J

285 2277 411 2337 130
429 2275 713 2333 domicilio
756 2275 933 2348 Iovis,
992 2278 1253 2347 poneret.
1361 2272 1524 2344 Quod
1569 2271 1764 2331 autem
1825 2276 1916 2330 est
1974 2271 2049 2329 ad
2103 2272 2411 2329 introitum
2458 2270 2624 2341 Ponti,

428 2363 519 2437 id,
594 2380 721 2420 cum
765 2368 884 2420 tam
942 2364 1123 2419 multa
1159 2379 1230 2419 ex
1274 2361 1373 2418 illo
1418 2362 1565 2418 mari
1629 2360 1788 2418 bella
1833 2360 2206 2432 emerserint,
2282 2364 2412 2418 tam
2471 2358 2627 2417 multa
2662 2417 2663 2452 1

427 2466 598 2523 porro
653 2451 716 2508 in
757 2450 1003 2508 Pontum
1066 2450 1297 2507 invecta
1361 2449 1502 2523 sint,
1575 2463 1757 2521 usque
1807 2447 1882 2505 ad
1941 2448 2090 2506 hanc
2145 2446 2300 2505 diem
2356 2447 2629 2522 integrum

427 2538 877 2610 inviolatumque
922 2543 1211 2597 servatum
1254 2541 1360 2594 est.
1457 2537 1582 2594 Hoc
1625 2537 1861 2594 tertium
1876 2580 1892 2609 ,
1948 2535 2097 2608 quod
2155 2539 2284 2593 erat
2329 2535 2628 2609 Syracusis

428 2625 577 2699 quod
632 2626 714 2687 M.
757 2625 1071 2683 Marcellus
1132 2630 1388 2683 armatus
1446 2630 1507 2682 et
1555 2625 1736 2682 victor
1778 2623 2004 2683 viderat
2025 2616 2106 2703 ⁶),
2162 2623 2316 2695 quod
2374 2621 2663 2695 religioni}

428 2719 825 2784 concesserat,
921 2712 1071 2787 quod
1134 2714 1289 2771 cives
1346 2716 1519 2784 atque
1592 2713 1819 2770 incolae
1883 2707 2297 2788 [Syracusani]
2321 2705 2375 2791 ⁷)
2437 2713 2631 2778 colere,

427 2803 688 2861 advenae
744 2818 861 2858 non
915 2802 1098 2859 solum
1144 2802 1363 2874 visere,
1424 2816 1623 2858 verum
1683 2801 1859 2859 etiam
1902 2799 2169 2858 venerari
2226 2799 2527 2871 solebant,
2582 2797 2663 2862 id}

282 2896 402 2952 131
429 2889 491 2949 C.
535 2891 750 2948 Verres
812 2906 885 2947 ex
935 2890 1152 2961 templo
1195 2889 1347 2947 Iovis
1390 2889 1637 2946 sustulit.
1742 2888 1824 2947 Ut
1878 2890 2108 2959 saepius
2171 2885 2246 2944 ad
2299 2875 2663 2966 Marcellum}

425 2983 719 3053 revertar,
771 2976 1024 3051 iudices,
1067 2978 1149 3035 sic
1192 2976 1468 3035 habetote
1489 3021 1504 3050 ,
1556 2977 1752 3050 plures
1803 2991 1930 3033 esse
1980 2991 2015 3033 a
2056 2976 2439 3047 Syracusanis
2484 2975 2634 3033 istius

602 3232 654 3298 1)
698 3229 788 3283 Sic
823 3228 939 3283 cod.
970 3229 1137 3296 Reg.,
1189 3225 1350 3297 quod⁴
1377 3230 1687 3295 corruptum
1723 3243 1840 3281 esse
1887 3229 2065 3296 patet3
2112 3223 2305 3292 vulgo,
2351 3228 2416 3279 ut
2463 3228 2548 3279 est
2590 3223 2637 3276 in

424 3299 596 3356 Guelf.
622 3316 891 3368 parvum5
938 3299 1034 3351 alii
1067 3296 1319 3367 Parium,
1356 3296 1678 3362 Paudinae,
1725 3298 2051 3367 porcinum,
2078 3295 2413 3363 puerinum,
2466 3294 2635 3348 Pan-2·-
2662 3319 2663 3322 ¹

421 3387 559 3423 uum
572 3371 760 3493 dcuolni.2
788 3385 950 3491 θυαε
998 3368 1391 3491 οὲὲῃίειρΐῃὶῐὲὲὲ
1427 3367 1635 3491 ingerta
1683 3370 1822 3452 sunt.
1974 3368 2090 3490 αξ)
2144 3366 2233 3419 Sic
2270 3365 2352 3489 ei}
2389 3366 2612 3488 Astcel1lig..
2622 3367 2663 3450 z}

420 3456 748 3579 linriolss'rpolata
761 3454 1083 3562 oiuffiiassoet
1103 3455 1288 3562 scribi]
1314 3455 1467 3562 iulgt
1501 3454 1836 3577 Ξῗξαὲᾞῖἓῗ
1874 3438 1984 3506 Qm
2022 3478 2076 3576 ἑ)
2106 3451 2307 3559 θῆπῖθῗίῖα
2340 3449 2637 3559 itt-Gamo}
2662 3531 2663 3534 =

422 3613 489 3620 —
522 3580 674 3646 filius
712 3579 1001 3634 subditicia
1033 3596 1148 3633 esse
1194 3577 1436 3632 iudicant
1470 3580 1710 3646 Ernesti,
1750 3578 2139 3646 Wyttenbach,
2189 3576 2302 3629 alii.
2481 3577 2538 3642 4)
2576 3574 2632 3626 In
2662 3605 2663 3626 1

421 3650 575 3704 codd.
628 3654 737 3718 opt.
789 3649 970 3718 capud
1021 3650 1108 3703 vel
1160 3654 1329 3717 caput
1381 3650 1613 3717 legitur3
1675 3654 1899 3717 captum
1959 3650 2109 3703 uncis
2167 3646 2404 3700 includit
2464 3646 2631 3706 Bake;

418 3720 632 3787 Kayser
657 3737 799 3789 susp.
830 3720 1185 3787 deportatum.
1249 3720 1369 3773 Mox
1395 3737 1711 3788 praenomen
1737 3720 1796 3773 T.
1823 3719 1943 3776 add.
1968 3716 2265 3773 Eberhard.
2389 3719 2442 3784 5)
2471 3714 2632 3768 Codd.
2662 3727 2663 3762 1

419 3789 688 3852 videmus,
728 3793 786 3842 at
819 3790 1094 3857 praecedit
1128 3790 1298 3855 fuerit
1339 3793 1394 3843 et
1422 3796 1701 3857 posuerat.
1863 3791 1918 3858 6)
1955 3790 2161 3843 viserat
2197 3786 2364 3841 Orelli
2400 3787 2632 3852 suspica·
2662 3803 2663 3806 ¹

420 3862 533 3921 tur,
571 3858 864 3925 reliquerat
899 3859 1165 3914 Herelius.
1310 3862 1365 3929 7)
1388 3860 1748 3931 Syracusani
1781 3859 2012 3913 includit
2046 3861 2220 3920 Bake,
2260 3874 2364 3910 om.
2401 3857 2584 3909 Halm.
