2669 4354
877 255 943 293 m
995 253 1344 293 CATILINAM.
2134 243 2168 297 7
2179 241 2211 295 7

1349 324 1417 329 --.-
1425 323 1456 329 α-
1469 324 1774 330 ῆ-ψ-ἥ-ῂῄ-,ῂ
1785 325 2034 330 ..ῥῂ--ἡῗ
2044 327 2213 334 ,--,.-“

68 434 137 483 tuo
174 425 408 486 conflare
469 428 552 486 vis
606 426 912 502 invidiam,
974 435 1139 487 recta
1191 445 1371 503 perge
1425 430 1485 486 in
1532 429 1826 487 exsilium:
1886 430 1980 487 vix
2031 429 2216 488 feram

69 531 308 573 sermones
349 516 670 592 hominum,
735 519 784 574 si
825 517 884 574 id
931 517 1173 590 feceriS,
1234 518 1327 574 vix
1372 517 1581 574 molem
1628 517 1790 574 istius
1837 517 2112 592 invidiae,
2170 518 2218 575 si

69 604 107 659 in
148 605 388 662 exsilium
444 607 599 663 iussu
659 605 906 663 consulis
956 606 1127 679 ieris,
1187 605 1496 663 sustinebo,
1598 605 1698 663 Sin
1753 611 1947 663 autem
2001 607 2217 664 servire

68 707 192 749 meae
231 692 381 751 laudi
442 699 502 751 et
546 694 764 765 gloriae
813 695 1024 767 maviS,
1078 694 1360 766 egredere
1422 711 1547 751 cum
1600 694 1925 766 importuna
1970 695 2219 753 scelera-

67 787 211 837 torum
265 798 460 857 manu,
548 780 745 840 confer
795 787 854 839 te
919 781 993 840 ad
1047 782 1357 854 Manlium,
1451 783 1674 840 concita
1728 781 1985 854 perditos
2045 783 2218 856 οἰνος,

66 883 256 927 secerne
300 876 357 929 te
415 886 450 928 a
494 870 693 945 bonis,
751 867 902 927 infer
952 871 1179 943 patriae
1234 869 1478 944 bellum,
1539 871 1764 928 exsulta
1821 871 1997 944 impio
2043 873 2219 929 latro-

67 958 206 1031 cinio,
253 964 313 1016 ut
355 976 390 1016 a
435 976 527 1017 me
573 975 696 1060 Ἢ
737 958 956 1043 eiectus
1017 959 1090 1016 ad
1146 959 1396 1032 alien08,
1457 958 1560 1015 sed
1621 959 1895 1017 invitatus
1957 958 2030 1017 ad
2089 964 2221 1016 tuos

67 1062 159 1103 esse
191 1047 446 1104 videaris
512 1033 862 1119 Quamquam
907 1046 1044 1120 quid
1091 1063 1197 1119 ego
1242 1053 1301 1104 te
1347 1047 1603 1120 invitem,
1653 1063 1688 1104 a
1733 1064 1842 1119 quo
1888 1048 2002 1105 iam
2043 1047 2220 1104 sciam
2240 1050 2322 1107 24

68 1150 158 1191 esse
211 1137 584 1209 praemissoS,
650 1136 747 1209 qui
800 1135 907 1193 tibi
963 1134 1037 1193 ad
1100 1136 1313 1192 Forum
1374 1135 1670 1193 Aurelium
1727 1136 2222 1208 praestolarentur

67 1224 260 1280 armati?
318 1226 407 1281 cui
427 1220 479 1306 ¹)
526 1224 705 1282 sciam
756 1228 984 1295 pactam
1045 1228 1105 1282 et
1147 1224 1516 1280 constitutam
1577 1239 1704 1279 cum
1750 1223 1970 1281 Manlio
2028 1224 2222 1281 dicm‘?

67 1326 90 1365 a
120 1328 210 1383 quo
252 1313 425 1370 etiam
468 1313 720 1385 aquilam
764 1312 922 1369 illam
970 1317 1306 1384 argenteam
1324 1357 1340 1385 ,
1392 1328 1562 1384 quam
1610 1311 1714 1369 tibi
1771 1327 1839 1369 ac
1884 1313 1999 1369 tuis
2044 1312 2222 1370 omni-

67 1397 139 1455 bus
187 1401 566 1472 perniciosam
621 1417 748 1458 esse
810 1399 1032 1458 confido
1089 1417 1157 1458 ac
1218 1398 1506 1458 funestam
1565 1397 1853 1473 futuram,
1914 1401 2007 1456 cui
2071 1400 2222 1457 domi

66 1492 165 1543 tuae
202 1491 511 1547 sacrarium
561 1488 863 1564 [scelerum
910 1485 1158 1564 tuorum]
1176 1483 1231 1569 2)
1277 1488 1647 1545 constitut-um
1691 1485 1828 1561 fuit,
1876 1489 2051 1546 sciam
2096 1504 2223 1546 esse

64 1577 432 1644 praemissam?
524 1578 614 1635 Tu
666 1582 730 1634 ut
771 1578 873 1634 illa
930 1576 1142 1634 diutius
1203 1593 1404 1635 carere
1467 1576 1679 1649 possiS,
1741 1593 1912 1648 quam
1957 1576 2223 1634 venerari

66 1661 118 1718 ad
166 1665 383 1723 caedem
438 1664 808 1738 proficiscens
863 1665 1119 1735 solebaS,
1176 1681 1212 1722 a
1271 1665 1434 1723 cuius
1487 1664 1761 1721 altaribus
1817 1681 1990 1736 saepe
2052 1666 2225 1722 ist-am

66 1751 251 1823 impiam
301 1754 604 1813 dexteram
666 1754 740 1812 ad
794 1770 997 1811 necem
1059 1754 1265 1810 civium
1320 1753 1705 1810 transtulisti?
1815 1752 1933 1810 Ibis
1993 1752 2224 1810 tandem
2243 1745 2329 1812 10

68 1838 348 1918 aliquando,
413 1860 529 1916 quo
584 1848 645 1901 te
704 1843 821 1899 iam
870 1841 1093 1914 pridem
1151 1842 1264 1898 ista
1320 1845 1422 1898 tua
1482 1841 1765 1914 cupiditas
1822 1840 2102 1898 effrenata
2157 1856 2226 1898 ac
2246 1842 2327 1900 25

68 1924 236 1987 furiosa
298 1932 587 2005 rapiebat.
705 1931 909 2002 Neque
966 1931 1119 1987 enim
1182 1929 1288 1987 tibi
1342 1929 1491 1986 haec
1551 1946 1647 1987 res
1707 1925 1897 1987 adfert
1950 1929 2226 2002 dolorem,

69 2016 143 2072 sed
184 2020 460 2089 quandam
521 2017 920 2077 incredibilem
976 2020 1345 2090 voluptatem.
1464 2016 1556 2075 Ad
1604 2018 1754 2075 hanc
1798 2024 1855 2076 te
1916 2017 2228 2075 amentiam

71 2109 230 2163 natura
285 2109 550 2183 peperit,
599 2109 859 2165 voluntas
906 2108 1193 2181 exercuit,
1248 2103 1481 2164 fortuna
1540 2106 1802 2167 servavit.
1908 2106 2229 2179 Numquam

73 2196 116 2247 tu
144 2212 237 2253 non
274 2197 444 2256 modo
489 2197 696 2270 otium,
754 2195 857 2255 sed
917 2213 991 2255 ne
1048 2195 1262 2253 bellum
1304 2195 1533 2267 quidem
1592 2195 1703 2253 nisi
1763 2196 2050 2254 nefarium
2097 2211 2228 2252 con-

78 2283 243 2354 cupisti.
326 2287 589 2345 Nanctus
640 2301 703 2342 es
749 2302 820 2343 ex
857 2283 1101 2358 perditis
1147 2289 1318 2356 atque
1378 2284 1451 2341 ab
1514 2285 1667 2342 omni
1722 2301 1836 2341 non
1893 2284 2061 2343 modo
2116 2283 2231 2341 for-

78 2373 196 2445 tuna,
246 2390 444 2433 verum
496 2374 670 2432 etiam
712 2390 815 2447 spe
862 2372 1154 2431 derelictis
1204 2371 1511 2430 conflatam
1554 2372 1939 2445 improborum
1983 2388 2230 2429 manum.

76 2453 150 2514 Hic
180 2466 235 2518 tu
277 2480 392 2534 qua
438 2462 670 2521 laetitia
712 2459 1043 2535 perfruere!
1105 2460 1308 2533 quibus
1352 2460 1573 2534 gaudiis
1621 2461 1963 2519 exsultabis!
2018 2464 2231 2532 quanta
2251 2461 2329 2516 26

61 2543 111 2610 ‚in
151 2549 427 2622 voluptate
484 2548 844 2608 bacchabere
864 2594 880 2623 ,
936 2567 1063 2607 cum
1118 2550 1179 2606 in
1240 2554 1402 2606 tanto
1460 2565 1700 2607 numero
1752 2554 1983 2607 tuorum
2039 2565 2229 2619 neque

71 2633 223 2695 audies
264 2640 448 2697 virum
504 2639 713 2696 bonum
759 2653 1101 2710 quemquam
1145 2653 1333 2710 neque
1380 2636 1631 2695 videbis!
1737 2637 1829 2694 Ad
1871 2636 2036 2694 huius
2075 2637 2230 2694 vitae

70 2722 272 2783 studium
310 2726 583 2787 meditati
627 2727 713 2783 illi
761 2732 892 2783 sunt
937 2727 1033 2798 qui
1078 2724 1344 2784 feruntur
1388 2724 1619 2783 labores
1666 2726 1773 2798 tui,
1832 2726 2029 2783 iacere
2074 2725 2232 2781 humi

70 2825 152 2867 non
209 2817 382 2874 solum
447 2815 526 2873 ad
587 2813 963 2873 obsidendum
1029 2819 1319 2886 stuprum,
1387 2830 1587 2871 verum
1644 2814 1817 2870 etiam
1879 2812 1953 2871 ad
2009 2811 2233 2870 facinus

70 2897 349 2962 obeundum
369 2950 385 2979 ,
460 2903 706 2976 vigilare
773 2919 889 2960 non
949 2903 1129 2960 solum
1197 2902 1570 2960 insidiantem
1627 2917 1823 2959 somno
1879 2902 2233 2974 maritorum,

72 3000 230 3046 verum
267 2993 443 3050 etiam
489 2992 655 3049 bonis
695 2993 1024 3049 otiosorum.
1127 2990 1355 3064 Habes‘,
1404 2989 1503 3047 ubi
1551 2994 1807 3048 ostentes
1859 2989 2018 3046 illam
2077 2994 2232 3046 tuam

70 3079 378 3142 praeclaram
437 3080 782 3153 patientiam
840 3076 1034 3152 famiS,
1103 3078 1361 3151 frigoriS,
1427 3078 1657 3151 inopiae
1717 3095 1909 3136 rerum
1964 3077 2233 3150 omnium,

75 3164 231 3231 quibus
272 3175 330 3227 te
376 3169 545 3227 brevi
590 3172 849 3242 tempore
890 3167 1214 3225 confectum
1261 3183 1389 3225 esse
1409 3161 1460 3246 ³)
1491 3168 1725 3225 senties,
1815 3167 2059 3223 Tantum
2104 3182 2233 3239 pro·
2255 3167 2333 3225 27

73 3247 152 3309 foci
191 3259 306 3313 tum
327 3252 403 3336 4),
465 3272 593 3326 cum
649 3262 709 3315 te
755 3273 790 3314 a
838 3256 1140 3313 consulatu
1191 3255 1453 3329 reppuli,
1504 3260 1567 3312 ut
1627 3256 1784 3313 exsul
1843 3254 2031 3327 potius
2092 3259 2236 3311 tem-

70 3345 197 3407 ptare
255 3362 422 3416 quam
490 3346 687 3402 consul
746 3361 957 3403 vexare
1014 3362 1138 3402 rem
1191 3344 1479 3417 publicam
1534 3359 1762 3417 posseS,
1811 3348 1983 3415 atque
2042 3348 2108 3400 ut
2158 3342 2236 3416 id,

69 3430 186 3497 quod
238 3438 323 3491 est
377 3434 482 3491 abs
536 3438 594 3490 te
642 3434 927 3491 scelerate
991 3439 1349 3506 susceptum,
1401 3432 1763 3490 latrocinium
1823 3432 2010 3504 potius
2068 3449 2237 3504 quam

69 3513 244 3576 bellum
287 3522 703 3581 nominaretur.

180 3722 229 3786 1)
267 3722 353 3774 cui
390 3721 715 3775 Gulielmus:
754 3735 874 3772 cnm
915 3717 1065 3772 codd.
1234 3718 1287 3784 ⁴2)
1326 3718 1505 3771 Uncos
1542 3733 1654 3786 pos,
1692 3716 1874 3770 Halm.
2028 3718 2081 3783 3)
2130 3732 2239 3768 esse

74 3801 149 3842 om.
182 3791 332 3844 Halm
372 3809 489 3846 cum
531 3790 738 3844 duobus
774 3789 923 3843 codd.
962 3793 1072 3858 opt.
1109 3791 1285 3842 notae.
1412 3788 1468 3855 4)
1507 3794 1622 3840 tum
1657 3787 1812 3842 deest
1846 3788 1900 3840 in
1937 3787 2085 3840 codd.
2123 3787 2236 3841 fere

74 3861 305 3932 omnibus,
343 3863 435 3916 sed
472 3863 714 3916 firmatur
753 3879 785 3914 a
821 3860 1082 3914 CharisiO.
