2669 4354
898 269 965 307 m
1010 268 1361 308 CATILINAM.
2116 256 2235 313 107

59 443 187 498 mani
229 458 431 500 nomen
477 442 876 515 exstinguere,
936 447 1214 514 punctum
1239 435 1288 522 ¹)
1347 442 1622 515 temporis
1681 441 1794 500 frui
1841 443 1961 500 vita
2022 447 2083 500 et
2131 443 2240 500 hoc

61 532 311 587 communi
363 530 568 602 spiritu
622 546 738 587 non
794 534 958 602 putat
1016 534 1285 601 oportere
1304 574 1320 603 ,
1386 535 1562 601 atque
1614 530 1722 587 hoc
1781 548 1963 603 genus
2014 546 2239 603 poenae

60 634 203 689 saepe
269 620 327 675 in
409 618 701 690 improbos
761 619 917 675 cives
971 619 1033 674 in
1098 617 1207 675 hac
1274 634 1341 675 re
1407 616 1639 689 publica
1706 634 1836 675 esse
1902 623 2241 690 usurpatum

59 705 375 763 recordatur.
478 706 645 763 Alter
715 705 1005 778 intellegit
1070 710 1315 763 mortem
1373 705 1445 763 ab
1501 706 1589 763 dis
1648 704 2067 764 immortalibus
2123 721 2238 763 non

60 811 159 851 esse
203 793 470 866 supplicii
515 809 693 851 causa
746 794 1110 851 constitutam
1133 838 1148 865 ,
1207 791 1311 851 sed
1371 798 1474 850 aut
1532 794 1938 852 necessitatem
1993 798 2238 851 naturae
2324 778 2337 800 ’

57 886 136 937 aut
192 882 451 938 laborum
519 898 589 939 ac
653 881 1014 939 miseriarum
1084 881 1355 952 quietem.
1476 882 1682 953 Itaque
1749 898 1876 939 eam
1943 881 2238 953 sapientes

56 986 329 1042 numquam
373 970 575 1041 inviti,
619 967 800 1026 fortes
848 984 1024 1041 saepe
1073 970 1250 1026 etiam
1290 967 1562 1025 lubenter
1605 971 2029 1042 oppetiverunt.
2097 968 2239 1026 Vin-

55 1058 158 1114 cula
197 1074 331 1115 vero
382 1063 444 1115 et
486 1073 558 1115 ea
602 1058 959 1130 sempiterna
1004 1062 1164 1114 certe
1210 1056 1285 1113 ad
1326 1056 1678 1129 singularem
1733 1073 1984 1129 poenam
2028 1054 2241 1113 nefarii

55 1146 259 1203 sceleris
304 1147 551 1203 inventa
594 1150 744 1202 sunt.
820 1141 1155 1216 Municipiis
1200 1144 1497 1215 dispertiri
1542 1145 1722 1204 iubet.
1804 1144 2040 1202 Habere
2081 1145 2241 1202 vide-

54 1237 126 1288 tur
171 1234 280 1291 ista
339 1250 439 1291 res
494 1233 895 1305 iniquitatem,
966 1233 1015 1289 si
1073 1233 1365 1305 imperare
1431 1232 1606 1304 veliS,
1682 1229 2113 1305 difficultatem,
2190 1231 2241 1290 si

54 1336 253 1394 rogare3
317 1320 672 1378 decernatur
717 1326 940 1393 tamen,
1004 1321 1052 1376 si
1107 1320 1319 1392 placet.
1423 1318 1549 1393 Ego
1597 1320 1749 1377 enim
1799 1320 2106 1392 suscipiam
2165 1324 2241 1393 et,
2261 1323 2299 1380 8

56 1414 101 1463 ut
137 1425 333 1482 spero,
382 1409 708 1482 reperiam,
769 1409 865 1480 qui
910 1408 998 1481 id,
1059 1407 1212 1478 quod
1256 1407 1460 1465 salutis
1505 1408 1755 1465 omnium
1801 1424 1977 1466 causa
2023 1412 2244 1465 statue-

56 1497 179 1571 ritis,
222 1514 339 1554 non
384 1501 592 1569 putent
610 1492 662 1575 ²)
707 1512 836 1554 esse
883 1512 1022 1554 suae
1071 1495 1372 1573 dignitatis
1410 1512 1700 1554 recusare.
1789 1496 2071 1567 Adiungit
2114 1510 2244 1568 gra-

54 1600 156 1641 vem
208 1601 460 1657 poenam
520 1584 847 1657 municipiis
867 1629 881 1655 ,
946 1585 996 1640 si
1040 1584 1165 1656 quis
1213 1599 1410 1640 eorum
1453 1584 1684 1641 vincula
1740 1584 1997 1658 ruperit3
2057 1582 2245 1641 horri-

53 1671 171 1731 biles
210 1672 505 1731 custodias
540 1671 859 1730 circumdat
903 1677 964 1729 et
993 1671 1197 1745 dignas
1243 1670 1466 1729 scelere
1511 1672 1809 1729 hominum
1854 1671 2243 1744 perditorum3

55 1762 235 1835 sancit,
290 1779 369 1820 ne
417 1761 545 1833 quis
593 1777 789 1819 eorum
829 1776 1105 1833 poenam,
1163 1775 1303 1830 quos
1349 1758 1720 1832 condemnat,
1783 1764 1885 1816 aut
1927 1776 2033 1831 per
2077 1774 2245 1817 sena-

14 1856 150 1911 ¹tum
191 1855 288 1907 aut
349 1865 461 1922 per
519 1849 788 1921 populum
848 1849 1032 1919 possit
1091 1847 1323 1919 levaret,
1388 1847 1559 1920 eripit
1601 1847 1780 1904 etiam
1840 1863 2031 1920 spem,
2094 1862 2243 1919 quae

56 1937 151 1994 sola
190 1938 459 1995 homines
514 1938 577 1994 in
621 1936 869 1993 miseriis
916 1935 1199 1993 consolari
1259 1934 1437 2007 solet3
1491 1935 1643 1993 bona
1692 1939 2003 2006 praeterea
2056 1933 2244 2006 publi-

57 2026 150 2081 cari
199 2026 393 2096 iubet,
455 2025 632 2082 vitam
679 2025 857 2081 solam
916 2023 1195 2095 relinquit
1249 2020 1489 2080 nefariis
1547 2021 1871 2080 hominibus
1887 2067 1902 2094 ‚
1964 2037 2133 2093 quam
2194 2022 2244 2078 si

14 2112 15 2155 Ὗ
58 2114 364 2186 eripuisset,
425 2114 636 2170 multos
684 2128 799 2170 una
842 2111 1072 2169 dolores
1116 2112 1295 2169 animi
1344 2114 1520 2183 atque
1568 2112 1823 2184 corporis
1842 2103 1895 2190 ⁸)
1941 2116 2002 2169 et
2046 2126 2245 2168 omnes

58 2203 308 2261 scelerum
371 2217 593 2274 poenas
649 2200 977 2258 ademisset.
1096 2200 1302 2271 Itaque
1353 2204 1418 2257 ut
1473 2200 1668 2271 aliqua
1728 2201 1788 2273 in
1839 2200 1958 2257 vita
2001 2197 2245 2256 formido

59 2289 298 2360 improbis
349 2296 511 2348 esset
554 2289 772 2362 posita,
820 2288 971 2361 apud
1013 2286 1229 2345 inferos
1276 2287 1590 2345 eiusmodi
1635 2286 1923 2359 quaedam
1965 2287 2052 2344 illi
2098 2287 2248 2344 anti-

59 2378 130 2445 qui
187 2379 475 2451 supplicia
542 2378 733 2449 impiis
801 2377 1111 2434 constituta
1169 2391 1297 2434 esse
1359 2375 1690 2449 voluerunt,
1766 2376 1919 2446 quod
1975 2374 2250 2433 videlicet

16 2471 17 2476 ’
59 2464 482 2539 intellegebant,
556 2466 631 2522 iis
648 2457 702 2542 4)
760 2464 999 2522 remotis
1056 2480 1173 2521 non
1233 2479 1361 2521 esse
1429 2470 1670 2521 mortem
1733 2464 1919 2535 ipsam
1972 2463 2250 2535 pertime-

60 2554 313 2614 scendam.

18 2697 19 2712 ἶ
198 2643 368 2700 Nunc
416 2656 557 2713 ego,
618 2646 814 2712 patres
861 2638 1201 2712 conscripti,
1258 2654 1390 2696 mea
1435 2639 1605 2696 video
1645 2638 1788 2732 guid
1833 2637 2079 2696 intersit.
2187 2628 2309 2695 815

18 2723 19 2726 ’
63 2729 191 2785 eritis
252 2730 446 2788 secuti
507 2728 855 2786 sententiam
921 2726 982 2784 C.
1044 2725 1342 2798 Caesarie,
1430 2728 1699 2798 quoniam
1757 2725 1906 2784 hanc
1964 2726 2014 2782 is
2069 2725 2131 2782 in
2180 2741 2247 2782 re
2272 2722 2308 2779 9

18 2815 251 2885 'publica
318 2819 507 2889 viam,
584 2831 732 2886 quae
802 2816 1096 2888 popularis
1163 2813 1441 2887 habetur,
1517 2818 1749 2871 secutus
1808 2817 1927 2886 est,
2002 2811 2248 2870 fortasse

61 2904 214 2963 minus
249 2911 473 2986 erunt,
530 2906 641 2962 hoc
687 2908 923 2960 auctore
972 2907 1030 2959 et
1076 2902 1374 2973 cognitore
1417 2902 1653 2959 huiusce
1696 2902 2021 2959 sententiae
2039 2945 2054 2973 ,
2109 2900 2252 2956 mihi

61 2994 337 3063 populares
394 2993 645 3064 impetus
703 2989 1184 3063 pertimescendi;
1243 2990 1332 3046 sin
1393 2990 1552 3047 illam
1599 2989 1867 3062 alteram,
1919 2988 2116 3046 nescio
2176 3004 2250 3044 an

62 3081 270 3151 amplius
317 3081 461 3138 mihi
524 3080 745 3153 negotii
793 3077 1180 3137 contrahatur.
1285 3076 1401 3135 Sed
1464 3082 1660 3134 tamen
1715 3092 1975 3134 meorum
2025 3075 2253 3147 pericu-

62 3164 214 3225 lorum
267 3170 529 3227 rationes
586 3168 802 3225 utilitas
863 3166 951 3223 rei
1010 3165 1276 3237 publicae
1333 3165 1529 3223 vincat
1553 3159 1621 3241 5).
1734 3163 2026 3221 Habemus
2095 3164 2251 3220 enim

64 3269 88 3307 a
133 3254 404 3330 Caesare,
490 3257 642 3313 sicut
711 3254 890 3327 ipsius
952 3253 1202 3326 dignitas
1273 3259 1333 3309 et
1399 3253 1679 3310 maiorum
1744 3253 1869 3309 eius
1934 3250 2250 3325 amplitudo

178 3509 227 3574 1)
268 3506 345 3559 ad
373 3509 645 3573 planetum
696 3504 846 3558 codd.
899 3504 1143 3557 nonnulli
1196 3506 1305 3571 opt.
1353 3508 1528 3558 notae.
1744 3504 1798 3571 2)
1853 3501 2019 3557 Codd.
2070 3507 2224 3570 putet
2235 3521 2256 3569 ,·

66 3582 232 3636 putent
270 3576 335 3631 de
374 3577 590 3631 Ernesti
627 3576 761 3628 coni.
798 3574 1034 3642 Madvig.
1216 3575 1270 3642 3)
1314 3575 1405 3629 Sic
1440 3575 1672 3644 Kayser,
1710 3573 2007 3638 Eberhard3
2051 3573 2256 3627 multas

71 3645 138 3705 (al.
171 3648 389 3716 multos)
438 3661 552 3699 ’ωηο
591 3645 772 3698 dolore
809 3644 987 3697 afnimi
1036 3650 1200 3711 atquc
1245 3661 1389 3712 corp.
1437 3644 1615 3709 codd.;
1661 3644 1859 3697 multos
1913 3659 2027 3696 ‘wrm
2077 3643 2258 3697 dolore

69 3712 244 3770 dolores
292 3735 343 3770 a.
394 3737 445 3775 a.
497 3733 541 3771 c.
593 3715 655 3769 de
708 3715 898 3770 Graev.
947 3716 1079 3769 coni.
1129 3715 1294 3769 Halm
1351 3715 1433 3769 ed.
1473 3715 1628 3780 Tur.;
1666 3714 1870 3767 multas
1916 3729 2027 3767 uno
2076 3713 2257 3767 dolore

69 3799 342 3915 α.1ξι.1ωὲρ.
368 3786 857 3912 acrumtssasfflm
882 3786 1207 3911 etd.Weidm.
1290 3787 1347 3853 4)
1385 3785 1456 3840 iis
1483 3786 1672 3849 Halm,
1704 3785 1790 3839 his
1818 3785 1965 3839 codd.
2070 3784 2123 3850 5)
2165 3783 2254 3837 Sic

76 3871 211 3911 sco,
298 3874 543 3925 ron.;co
621 3899 633 3913 .
804 3872 932 3912 wa.
