2669 4354
427 221 549 281 128
1399 237 1620 279 ORATIO

421 414 488 472 L.
520 414 825 471 Murenam
871 415 1166 471 consulem
1211 413 1567 485 renuntiavi,
1614 416 1678 468 ut
1719 428 1791 469 ea
1835 427 1931 469 res
1978 412 2145 485 mihi,
2192 409 2332 468 fidei
2358 407 2410 490 ¹)
2454 411 2607 484 magi-

421 503 743 574 stratuique
799 518 955 576 meo,
1012 502 1225 574 populo
1280 499 1555 573 plebique
1599 499 1895 557 Romanae
1942 500 2093 557 bene
2150 503 2327 571 atque
2386 498 2608 557 feliciter

421 591 710 663 eveniret,
777 589 933 647 idem
984 606 1194 661 precor
1239 589 1311 646 ab
1370 588 1593 645 eisdem
1648 588 1734 645 dis
1790 587 2211 644 immortalibus
2258 588 2331 645 ob
2381 588 2607 646 eiusdem

418 678 664 739 hominis
722 679 1081 735 consulatum
1139 694 1255 735 una
1301 691 1433 733 cum
1492 677 1677 733 salute
1739 675 2144 747 obtinendum,
2207 680 2270 732 ut
2293 668 2347 755 2)
2406 683 2604 733 vestrae

419 771 646 824 mentes
695 770 867 837 atque
910 766 1237 824 sententiae
1285 781 1414 820 cum
1465 764 1663 836 populi
1708 763 1952 820 Romani
1998 762 2391 821 voluntatibus
2437 764 2606 821 suffra-

420 854 643 926 giisque
691 855 1053 911 consentiant
1117 869 1303 924 eaque
1365 869 1460 909 res
1504 851 1666 908 vobis
1718 852 2043 925 populoque
2090 850 2352 909 Romano
2416 867 2604 925 pacem,

419 941 928 1014 tranquillitatem,
988 942 1168 999 otium
1215 940 1694 1011 concordiamque
1743 938 1988 996 adferat.
2100 939 2312 1009 Quodsi
2371 940 2471 996 illa
2518 941 2605 997 sol-

419 1029 625 1086 lemnis
703 1029 1060 1087 comitiorum
1139 1029 1401 1101 precatio
1484 1027 1877 1085 consularibus
1954 1028 2225 1098 auspiciis
2298 1034 2606 1085 consecrata

420 1122 641 1175 tantam
699 1116 879 1174 habet
938 1117 999 1173 in
1056 1111 1140 1174 se'
1167 1118 1279 1173 vim
1342 1120 1402 1173 et
1460 1115 1829 1187 religionem,
1899 1120 2172 1186 quantam
2236 1116 2326 1172 rei
2372 1116 2604 1187 publicae

420 1204 670 1276 dignitas
713 1205 997 1278 postulat,
1061 1204 1217 1261 idem
1263 1220 1372 1274 ego
1418 1219 1542 1260 sum
1588 1207 1893 1275 precatuS,
1949 1207 2015 1259 ut
2060 1204 2144 1260 eis
2191 1219 2420 1275 quoque
2458 1204 2606 1261 homi·
2655 1228 2658 1279 g

418 1293 614 1366 nibus,
689 1292 894 1364 quibus
939 1292 1033 1348 hic
1080 1293 1409 1348 consulatus
1468 1306 1561 1347 me
1607 1296 1851 1363 rogante
1914 1290 2081 1348 datus
2144 1297 2332 1365 esset,
2412 1309 2482 1350 63
2534 1308 2604 1348 res

360 1378 640 1453 2fauste,
686 1377 940 1437 feliciter
984 1394 1378 1452 prospereque
1426 1379 1703 1436 eveniret.
1794 1379 1952 1448 Quae
1999 1395 2129 1435 cum
2167 1380 2253 1436 ita
2299 1379 2445 1453 sint,
2489 1379 2606 1436 iudi·
2655 1422 2658 1425 »

420 1484 543 1540 ceS,
590 1472 651 1525 et
680 1485 811 1524 cum
841 1468 1022 1525 omnis
1068 1467 1306 1524 deorum
1351 1467 1756 1524 immortalium
1799 1470 2059 1539 potestas
2099 1473 2202 1524 aut
2245 1468 2526 1524 translata
2550 1468 2606 1522 sit

419 1555 493 1614 ad
537 1571 638 1613 vos
668 1560 771 1612 aut
800 1561 957 1613 certe
991 1556 1409 1613 communicata
1456 1555 1773 1627 vobiscum,
1820 1553 1976 1612 idem
2022 1549 2380 1635 consulemss)
2411 1560 2604 1613 vestrae

417 1642 555 1701 fidei
602 1643 987 1717 commendat,
1059 1643 1158 1715 qui
1204 1649 1380 1700 antea
1429 1642 1517 1700 dis
1576 1643 1996 1700 immortalibus
2045 1642 2498 1716 commendavit,
2561 1648 2606 1698 ut

421 1732 706 1790 eiusdem·
733 1732 975 1790 hominis
1023 1747 1163 1788 voce
1225 1737 1284 1789 et
1342 1730 1669 1788 declaratus
1714 1730 1914 1787 consul
1971 1735 2031 1787 et
2085 1729 2361 1788 defensus
2422 1728 2605 1789 benefi-

420 1821 571 1878 cium
634 1821 831 1894 populi
882 1819 1125 1877 Romani
1183 1836 1312 1876 cum
1378 1824 1572 1876 vestra
1634 1823 1807 1890 atque
1871 1818 2128 1875 omnium
2185 1819 2396 1876 civium
2450 1821 2604 1877 salute

418 1914 670 1967 tueatur.
776 1908 856 1965 Et
916 1908 1186 1980 quoniam
1241 1908 1302 1963 in
1360 1906 1469 1963 hoc
1524 1904 1711 1964 officio
1756 1906 2010 1963 studium
2071 1923 2237 1964 meae
2286 1906 2605 1966 defensionis

418 1997 490 2054 ab
538 1996 969 2053 accusatoribus
1020 2001 1194 2067 atque
1257 1995 1437 2052 etiam
1481 1995 1609 2066 ipsa
1665 1996 1955 2066 susceptio
2007 2010 2213 2052 causae
2282 1997 2605 2067 reprehensa

420 2089 540 2157 est,
602 2088 738 2140 ante
801 2099 970 2155 quam
1025 2099 1130 2156 pro
1189 2082 1254 2139 L.
1297 2082 1548 2140 Murena
1609 2081 1804 2139 dicere
1859 2082 2129 2156 instituo,
2195 2099 2302 2155 pro
2361 2101 2455 2142 1116
2508 2084 2603 2154 ipso

417 2186 609 2244 pauca
653 2171 870 2245 dicam,
931 2188 1046 2229 non
1094 2185 1206 2244 quo
1255 2170 1397 2228 mihi
1457 2171 1649 2243 potior
1691 2170 1799 2228 hoc
1847 2170 2078 2242 quidem
2137 2172 2197 2229 in
2240 2175 2501 2245 tempore
2550 2171 2604 2226 sit

416 2257 590 2317 officii
635 2261 750 2316 mei
793 2270 964 2332 quam
1002 2259 1242 2317 huiusce
1274 2260 1473 2317 salutis
1519 2257 1808 2330 defensiO,
1855 2259 1957 2317 sed
2002 2263 2068 2315 ut
2110 2275 2240 2317 meo
2287 2260 2447 2318 facto
2475 2259 2604 2317 vobis

414 2347 654 2420 probato
711 2348 929 2405 maiore
983 2348 1331 2405 auctoritate
1394 2346 1467 2404 ab
1528 2347 1697 2404 huius
1758 2347 2006 2418 honore,
2066 2345 2221 2405 fama
2274 2346 2604 2419 fortunisque

417 2435 678 2493 omnibus
724 2435 1086 2493 inimicorum
1131 2436 1383 2509 impetus
1428 2436 1769 2508 propulsare
1814 2435 2045 2507 possim.

355 2518 397 2585 2
589 2523 670 2580 Ε1
725 2524 972 2596 primum
1028 2524 1105 2580 M.
1155 2522 1361 2580 Catoni
1418 2524 1595 2600 vitam
1655 2522 1730 2579 ad
1795 2528 2012 2579 certam
2074 2522 2317 2599 rationis
2379 2539 2604 2581 normam

359 2612 394 2666 3
417 2611 705 2685 derigenti
803 2616 863 2669 et
934 2611 1372 2683 diligentissime
1413 2607 1839 2684 (perpendenti
1930 2615 2225 2668 momenta
2317 2595 2605 2669 offfinm

417 2695 688 2780 omnium}
717 2699 789 2757 de
831 2696 1017 2756 officio
1063 2715 1192 2757 meo
1236 2698 1616 2769 respondebo.
1707 2699 1901 2770 Negat
1947 2695 2125 2756 fuisse
2172 2704 2402 2755 rectum
2432 2691 2604 2774 Cato⁴)

413 2804 505 2845 me
548 2793 607 2845 et
647 2787 937 2845 consulem
995 2792 1054 2844 et
1111 2787 1258 2858 legis
1307 2787 1556 2843 ambitus
1618 2787 1867 2844 latorem
1928 2793 1989 2844 et
2046 2791 2164 2843 tam
2210 2803 2417 2845 severe
2471 2792 2605 2861 gesto

414 2877 712 2933 consulatu
771 2891 1002 2932 causam
1060 2875 1124 2932 L.
1170 2874 1458 2932 Murenae
1506 2874 1828 2947 attingere:
1900 2876 2059 2932 cuius
2122 2876 2496 2946 reprehensio
2531 2890 2603 2931 me

411 2964 788 3021 vehementer
829 2967 1049 3036 movet,
1096 2979 1211 3021 non
1257 2962 1440 3019 solum
1485 2967 1549 3019 ut
1589 2963 1777 3035 vobiS,
1833 2962 2083 3036 iudices,
2131 2962 2338 3034 quibus
2385 2964 2603 3021 maxime

412 3052 626 3126 debe0,
686 3068 885 3110 verum
931 3051 1109 3109 etiam
1165 3055 1231 3107 ut
1284 3050 1397 3124 ipsi
1444 3049 1677 3122 Catoni,
1748 3052 2083 3124 gravissimo
2142 3056 2316 3122 atque
2376 3052 2604 3123 integer-

409 3141 557 3198 rimo
588 3141 745 3214 viro,
792 3140 1080 3197 rationem
1118 3137 1260 3196 facti
1304 3138 1420 3196 mei
1464 3139 1720 3211 probem.
1809 3138 1863 3195 A
1892 3156 2004 3211 quo
2049 3138 2285 3196 tandem
2305 3184 2319 3212 ,
2359 3140 2442 3198 M.
2467 3138 2602 3206 Cam,

412 3234 502 3286 est
547 3229 790 3301 aequius
837 3228 1133 3286 consulem
1179 3224 1416 3284 defendi
1464 3244 1634 3299 quam
1680 3243 1716 3284 a
1761 3228 2033 3284 consule?
2099 3227 2225 3299 quis
2269 3228 2413 3285 mihi
2456 3228 2509 3285 in
2550 3240 2600 3282 re

408 3317 640 3388 publica
694 3322 889 3390 potest
947 3320 1051 3373 aut
1107 3314 1285 3373 debet
1349 3331 1475 3372 esse
1537 3315 1920 3389 coniunctior,
1997 3330 2170 3385 quam
2226 3316 2310 3388 is,
2386 3317 2474 3373 cui
2525 3328 2601 3370 res

408 3404 643 3477 publica
687 3421 724 3462 a
768 3421 860 3462 me
907 3420 1023 3461 una
1067 3395 1179 3436 ἢ*
1199 3396 1250 3480 5)
1297 3404 1547 3461 traditur
1592 3402 1955 3476 sustinenda,
2012 3403 2235 3475 magnis
2281 3405 2427 3462 meis
2470 3403 2601 3460 labo·

552 3621 605 3688 1)
643 3620 778 3687 fides
815 3620 927 3674 cod.
956 3618 1160 3684 Guelf.;
1202 3621 1301 3673 cet.
1342 3617 1494 3671 codd.
1533 3634 1661 3683 om.,
1697 3614 1792 3668 sed
1829 3634 1877 3668 V.
1916 3616 2103 3669 Varro.
2143 3616 2209 3668 de
2245 3617 2278 3672 l.
2318 3618 2458 3671 LVI
2488 3614 2597 3681 587.

411 3692 466 3761 2)
504 3695 554 3743 et
587 3696 649 3743 ut
684 3690 864 3757 codd.‚
909 3692 1085 3743 Halm.
1267 3691 1320 3756 3)
1364 3688 1452 3741 Sic
1487 3689 1653 3754 Boot,
1702 3686 1884 3739 Halm.
1925 3686 2007 3739 ed.
2046 3687 2306 3752 Weidm.;
2359 3687 2537 3757 consul
2564 3683 2598 3734 ci

411 3761 562 3815 codd.
596 3763 855 3832 plerique,
895 3761 1036 3814 unde
1062 3762 1225 3828 vulgo
1252 3759 1446 3812 consul
1479 3774 1599 3810 eum
1625 3789 1692 3796 —
1715 3756 1840 3823 qui,
1879 3758 1962 3810 vel
1987 3758 2177 3809 consul
2205 3773 2327 3810 eum
2354 3792 2422 3799 —
2447 3772 2598 3825 quemn

409 3834 618 3903 Kayser
653 3834 841 3887 consul
877 3848 943 3885 ea
980 3864 1048 3871 —-
1087 3831 1181 3898 qui
1213 3830 1400 3883 edidit.
1506 3828 1561 3895 4)
1605 3826 1739 3881 Cato
1775 3844 1893 3881 unc.
1933 3827 2058 3882 incl.
2099 3828 2275 3882 Halm.
2387 3832 2441 3897 5)
2477 3826 2600 3881 Exci-
