2669 4354
928 260 996 299 m
1039 258 1389 300 dammim.
2176 249 2257 307 97

81 448 111 488 a
151 432 255 488 suis
298 436 359 489 et
397 450 433 490 a
452 424 503 511 ¹)
545 432 636 489 rei
678 431 946 504 publicae
993 432 1244 490 consiliis
1296 432 1653 491 removisset.
1757 433 1950 506 Atque
1996 436 2081 493 ita
2124 452 2260 497 cen-

79 525 320 594 suerunt,
365 526 428 578 ut
470 518 534 577 P.
582 519 887 594 Lentulus,
950 536 1078 578 cum
1122 536 1186 578 se
1230 526 1507 593 praetura
1548 519 1876 580 abdicasset
1891 567 1908 596 ,
1964 524 2025 581 in
2070 531 2259 583 custo-

78 608 209 665 diam
248 609 602 683 traderetur,
645 610 901 681 itemque
949 610 1034 666 uti
1080 608 1140 667 C.
1189 608 1507 681 Cethegus,
1567 608 1633 665 L.
1680 608 1973 685 Statilius,
2033 611 2097 670 P.
2144 611 2259 671 Ga-

75 696 267 770 binius,
322 697 418 769 qui
458 713 657 757 omnes
710 702 1050 770 praesentes
1096 702 1295 770 erant,
1357 698 1419 755 in
1476 697 1793 755 custodiam
1850 700 2257 775 traderentur-3

75 790 222 856 atque
265 785 422 843 idem
467 786 576 843 hoc
621 786 918 844 decretum
965 792 1054 843 est
1112 786 1173 841 in
1226 785 1293 842 L.
1340 783 1624 859 Cassium,
1683 787 1780 858 qui
1830 785 1939 844 sibi
1984 804 2256 861 procura-

72 873 260 931 tionem
305 873 704 933 incendendae
745 873 904 930 urbis
942 872 1396 945 depoposcerat,
1434 873 1495 930 in
1532 873 1612 930 M.
1660 873 1996 949 Ceparium,
2041 877 2134 933 cui
2180 876 2257 934 ad

70 961 436 1019 sollicitandos
500 968 762 1034 pastores
821 961 1093 1032 Apuliam
1153 959 1490 1019 attributam
1551 978 1679 1020 esse
1735 968 1863 1021 erat
1921 964 2253 1038 indicatum,

68 1049 117 1105 in
157 1049 214 1107 P.
256 1050 524 1120 Furium,
576 1052 671 1123 qui
716 1055 806 1108 est
851 1066 923 1108 ex
963 1049 1036 1106 iis
1076 1049 1321 1123 colonis,
1395 1065 1535 1121 quos
1557 1042 1607 1128 ²)
1652 1050 1935 1109 Faesulas
1979 1052 2045 1110 L.
2093 1054 2254 1112 Sulla

67 1136 312 1211 deduxit,
371 1139 434 1196 in
484 1138 548 1209 Q.
601 1138 852 1196 Annium
876 1131 931 1217 ³)
989 1136 1323 1211 Chilonem,
1383 1137 1482 1209 qui
1543 1153 1658 1194 una
1721 1156 1849 1195 cum
1908 1141 2017 1198 hoc
2071 1140 2252 1199 Furio

66 1241 271 1298 semper
333 1232 462 1284 erat
520 1227 580 1284 in
635 1227 746 1284 hac
806 1224 1180 1299 Allobrogum
1242 1225 1648 1283 sollicitatione
1708 1233 1972 1285 versatus
1989 1273 2004 1302 ,
2081 1228 2144 1285 in
2187 1229 2252 1287 P.

67 1311 398 1372 Umbrenum
416 1359 431 1387 ,
486 1313 821 1373 libertinum
876 1313 1166 1371 hominem
1183 1358 1198 1387 ,
1251 1329 1287 1370 a
1332 1329 1443 1385 quo
1487 1313 1731 1386 primum
1778 1314 1974 1373 Gallos
2019 1316 2094 1374 ad
2137 1315 2251 1375 Ga-

67 1400 258 1460 binium
318 1403 628 1475 perductos
700 1417 831 1461 esse
890 1400 1207 1460 constabat.
1319 1399 1513 1474 Atque
1577 1418 1649 1461 ea
1711 1404 1953 1463 lenitate
2013 1410 2250 1463 senatus
2271 1407 2350 1466 15

62 1505 179 1548 usus
238 1495 352 1564 est,
420 1491 701 1564 Quirites,
772 1495 837 1547 ut
901 1507 973 1549 ex
1038 1494 1204 1547 tanta
1268 1490 1665 1548 coniuratione
1725 1495 2000 1564 tantaque
2068 1494 2176 1550 hac
2193 1486 2248 1573 ⁴)

60 1578 405 1637 multitudine
448 1579 893 1638 domesticorum
936 1578 1183 1635 hostium
1226 1593 1434 1635 novem
1492 1577 1785 1636 hominum
1837 1579 2251 1652 perditissimo-

59 1682 167 1723 rum
227 1683 417 1739 poena
482 1685 548 1726 re
623 1666 859 1741 publica
925 1670 1268 1723 conservata
1338 1666 1691 1738 reliquorum
1761 1673 1985 1726 mentes
2054 1669 2248 1727 sanari

58 1770 205 1824 posse
259 1756 662 1815 arbitraretur.
764 1754 955 1826 Atque
1023 1754 1201 1811 etiam
1268 1754 1611 1826 supplicatio
1676 1753 1764 1811 dis
1826 1756 2246 1815 immortalibus

57 1858 146 1913 pro
187 1843 467 1916 singulari
515 1860 713 1902 eorum
757 1843 964 1899 merito
1008 1857 1137 1898 11100
1181 1843 1413 1899 nomine
1460 1842 1699 1900 decreta
1744 1847 1857 1916 est,
1911 1844 2062 1916 quod
2102 1844 2245 1901 mihi

59 1931 282 2001 primum
325 1937 457 2004 post
512 1932 662 1989 hanc
704 1931 907 1989 urbem
955 1929 1241 1987 conditam
1298 1935 1497 2002 togato
1542 1930 1811 2005 contigit,
1867 1937 1927 1990 et
1979 1932 2069 1990 his
2114 1949 2242 1990 ver-

59 2017 130 2075 bis
173 2020 409 2078 decreta
456 2025 570 2094 est,
647 2018 825 2091 ‘quod
883 2016 1083 2076 urbem
1142 2017 1458 2090 incendiiS,
1528 2017 1708 2077 caede
1771 2020 1951 2092 cives,
2017 2019 2245 2078 Italiam

59 2104 187 2165 bello
220 2104 598 2167 liberassem?
705 2107 864 2179 Quae
908 2106 1253 2180 supplicatio
1297 2106 1347 2163 si
1401 2122 1530 2163 cum
1579 2107 1792 2165 ceteris
1855 2105 2246 2183 [supplicatio-

59 2195 219 2272 nibus]
242 2191 297 2278 5)
364 2196 724 2270 conferatur,
799 2197 909 2254 hoc
968 2196 1241 2268 interest,
1320 2195 1471 2267 quod
1539 2200 1774 2254 ceterae
1841 2196 1992 2255 bene
2060 2202 2244 2271 gesta,

58 2282 179 2343 haec
232 2301 351 2344 una
410 2290 758 2344 conservata
824 2300 888 2342 re
952 2283 1183 2357 publica
1236 2284 1548 2341 constituta
1606 2289 1712 2340 est.
1832 2284 2021 2356 Atque
2083 2285 2242 2358 illud,

60 2373 184 2442 quod
255 2372 594 2433 faciendum
664 2374 910 2445 primum
975 2371 1110 2443 fuit,
1185 2370 1406 2429 factum
1468 2377 1641 2442 atque
1711 2376 2063 2431 transactum
2137 2379 2241 2431 est.

59 2458 179 2518 Nam
237 2462 304 2522 P.
352 2462 663 2528 Lentulus,
730 2476 1071 2533 quamquam
1089 2504 1105 2532 ,
1177 2459 1487 2532 patefactis
1544 2459 1805 2532 indiciis,
1870 2462 2163 2519 convictus
2188 2455 2242 2542 ⁶)

58 2548 488 2609 confessionibus
564 2550 709 2622 saie,
783 2547 995 2606 iudicio
1063 2553 1295 2606 senatus
1362 2563 1475 2605 non
1548 2547 1715 2605 modo
1784 2550 2071 2619 praetoris
2131 2550 2240 2622 iuS,

52 2651 223 2696 verum
271 2639 448 2697 etiam
490 2638 630 2695 civis
676 2637 984 2708 amiserat,
1044 2642 1240 2694 tamen
1284 2636 1628 2708 magistratu
1673 2650 1736 2692 se
1781 2634 2098 2710 abdicavit,
2158 2642 2240 2710 ut,

56 2740 174 2794 quae
233 2727 448 2801 religio
510 2724 573 2783 C.
613 2725 829 2798 Mario,
902 2724 1220 2782 clarissimo
1274 2725 1423 2797 vir0,
1490 2738 1604 2781 non
1662 2722 1882 2796 fuerat,
1941 2725 2239 2796 quominus

53 2811 99 2870 C.
118 2807 164 2894 ⁷)
202 2815 507 2874 Glauciam
523 2859 539 2888 ,
600 2812 672 2870 de
716 2829 830 2885 quo
868 2812 1010 2869 nihil
1061 2812 1398 2869 nominatim
1452 2815 1580 2869 erat
1623 2810 1947 2886 decretum,
2009 2817 2241 2886 praeto-

51 2917 150 2961 rem
188 2904 511 2976 occideret,
572 2917 645 2959 ea
692 2918 796 2959 nos
838 2900 1122 2972 religione
1168 2900 1228 2957 in
1280 2900 1504 2972 privato
1549 2898 1612 2956 P.
1658 2899 1905 2958 Lentulo
1949 2899 2239 2974 puniendo

50 2987 426 3051 liberaremur.

193 3082 365 3139 Nunc
428 3078 726 3150 quoniam,
790 3076 1070 3150 Quirites,
1137 3076 1681 3134 consceleratissimi
1740 3076 2240 3148 periculosissimi·
2258 3071 2297 3138 7

50 3181 140 3237 que
180 3169 319 3228 belli
384 3164 642 3225 nefarios
697 3165 874 3223 duces
933 3169 1133 3237 captos
1197 3164 1313 3222 iam
1377 3167 1439 3223 et
1501 3164 1945 3238 comprehensos
2004 3167 2239 3240 tenetis,
2263 3167 2341 3224 16

52 3257 355 3316 existimare
422 3254 650 3314 debetis
709 3268 908 3310 omnes
966 3251 1252 3310 Catilinae
1313 3253 1536 3326 copiaS,
1612 3269 1812 3311 omnes
1870 3269 2004 3326 spes
2064 3259 2238 3326 atque

165 3450 218 3517 1)
270 3465 309 3500 a
356 3463 460 3499 0111.
507 3443 659 3498 codd.
692 3443 914 3511 aliquot,
962 3440 1259 3509 Eberhard,
1308 3440 1493 3494 Halm.
1660 3441 1715 3507 2)
1777 3455 1845 3494 ex
1891 3441 1977 3494 his
2013 3441 2241 3496 coloniis

52 3531 164 3581 quas
193 3519 347 3573 codd.
384 3516 647 3584 plerique.
801 3513 857 3580 3)
895 3512 1144 3567 Ammium
1178 3512 1346 3565 Halm
1382 3528 1445 3565 ex
1481 3511 1735 3565 Sallustio
1769 3511 1890 3565 Cat.
1926 3513 2020 3568 50:
2066 3514 2237 3567 Mam·

22 3651 23 3654 ¹
53 3584 163 3640 lium
187 3590 271 3643 vel
302 3586 571 3642 Mallium
596 3584 746 3639 codd.
819 3585 873 3652 4)
901 3589 1163 3649 tantaque
1186 3582 1241 3635 vi
1265 3598 1333 3635 ac
1356 3582 1508 3636 codd.
1523 3581 1782 3651 plerique.
1857 3583 1910 3650 5)
1938 3598 2059 3651 swp.
2086 3584 2240 3639 deest

54 3654 98 3708 in
129 3661 304 3726 paucis
344 3656 531 3719 codd.;
570 3673 671 3710 om.
699 3655 891 3709 Eberh.
978 3655 1032 3722 6)
1062 3653 1150 3706 Sic
1175 3653 1381 3723 scripsi,
1408 3651 1475 3705 cf.
1502 3670 1556 3720 p.
1582 3651 1696 3705 Mil.
1727 3653 1829 3708 103
1856 3652 2066 3707 indicia
2080 3660 2238 3722 pate-

52 3726 149 3789 feci.
206 3727 512 3797 patefactis
541 3725 883 3794 (patefacta)
921 3723 1140 3777 indiciis
1161 3722 1583 3791 confessionibus
1608 3722 1777 3786 codd„
1797 3724 2113 3791 patefactus
2147 3727 2236 3778 in-

54 3795 187 3852 dietis
223 3806 269 3853 et
306 3799 450 3865 conf.
485 3796 677 3865 Halm,
733 3796 1041 3863 manifestis
1086 3793 1339 3858 indiciis,
1386 3794 1526 3861 conf.
1567 3793 1765 3848 Eberh.
1841 3794 2061 3849 Richter
2112 3799 2238 3862 post

50 3870 307 3935 patefacta
337 3870 587 3923 lacunam
625 3884 740 3921 esse
773 3865 1051 3920 iudicavit.
1162 3866 1215 3931 7)
1252 3865 1588 3919 Praenomen
1624 3881 1725 3919 om.
1761 3864 1905 3918 codd.
1940 3864 2200 3932 plerique.
