<?xml version="1.0" encoding="UTF-8"?>
<!DOCTYPE html PUBLIC "-//W3C//DTD XHTML 1.0 Transitional//EN"
    "http://www.w3.org/TR/xhtml1/DTD/xhtml1-transitional.dtd">
<html xmlns="http://www.w3.org/1999/xhtml" xml:lang="en" lang="en">
 <head>
  <title>
</title>
<meta http-equiv="Content-Type" content="text/html;charset=utf-8" />
  <meta name='ocr-system' content='tesseract 3.04.00' />
  <meta name='ocr-capabilities' content='ocr_page ocr_carea ocr_par ocr_line ocrx_word'/>
</head>
<body>
  <div class='ocr_page' id='page_1' title='image "./orationesselect02cicegoog_0153.png"; bbox 0 0 2669 4354; ppageno 0'>
   <div class='ocr_carea' id='block_1_1' title="bbox 938 231 2264 290">
    <p class='ocr_par' dir='ltr' id='par_1_1' title="bbox 938 231 2264 290">
     <span class='ocr_line' id='line_1_1' title="bbox 938 231 2264 290; baseline 0.005 -8"><span class='ocrx_word' id='word_1_1' title='bbox 938 246 1050 283; x_wconf 72' lang='lat' dir='ltr'>pao</span> <span class='ocrx_word' id='word_1_2' title='bbox 1094 245 1367 284; x_wconf 79' lang='lat' dir='ltr'>MVRENA.</span> <span class='ocrx_word' id='word_1_3' title='bbox 2140 232 2172 287; x_wconf 93' lang='lat'>1</span> <span class='ocrx_word' id='word_1_4' title='bbox 2184 231 2264 290; x_wconf 83' lang='lat'>39</span> 
     </span>
    </p>
   </div>
   <div class='ocr_carea' id='block_1_2' title="bbox 2 418 2381 3398">
    <p class='ocr_par' dir='ltr' id='par_1_2' title="bbox 2 418 2374 2690">
     <span class='ocr_line' id='line_1_2' title="bbox 94 418 2263 493; baseline 0.001 -18"><span class='ocrx_word' id='word_1_5' title='bbox 94 422 223 475; x_wconf 79' lang='lat' dir='ltr'>extra</span> <span class='ocrx_word' id='word_1_6' title='bbox 249 418 484 475; x_wconf 85' lang='lat' dir='ltr'><strong>Romam</strong></span> <span class='ocrx_word' id='word_1_7' title='bbox 518 435 759 490; x_wconf 83' lang='lat' dir='ltr'><strong>usquam</strong></span> <span class='ocrx_word' id='word_1_8' title='bbox 798 436 985 491; x_wconf 88' lang='lat' dir='ltr'>neque</span> <span class='ocrx_word' id='word_1_9' title='bbox 1020 419 1240 477; x_wconf 89' lang='lat' dir='ltr'>Romae</span> <span class='ocrx_word' id='word_1_10' title='bbox 1265 418 1442 477; x_wconf 88' lang='lat' dir='ltr'>rebus</span> <span class='ocrx_word' id='word_1_11' title='bbox 1471 418 1713 491; x_wconf 87' lang='lat' dir='ltr'>prolatis</span> <span class='ocrx_word' id='word_1_12' title='bbox 1751 419 2054 490; x_wconf 89' lang='lat' dir='ltr'>quicquam</span> <span class='ocrx_word' id='word_1_13' title='bbox 2082 420 2263 493; x_wconf 74' lang='lat' dir='ltr'>valet:</span> 
     </span>
     <span class='ocr_line' id='line_1_3' title="bbox 94 505 2268 581; baseline 0.001 -20"><span class='ocrx_word' id='word_1_14' title='bbox 94 506 270 575; x_wconf 81' lang='lat' dir='ltr'>peritus</span> <span class='ocrx_word' id='word_1_15' title='bbox 300 505 430 563; x_wconf 91' lang='lat' dir='ltr'>ideo</span> <span class='ocrx_word' id='word_1_16' title='bbox 474 506 677 563; x_wconf 87' lang='lat' dir='ltr'>haberi</span> <span class='ocrx_word' id='word_1_17' title='bbox 725 524 893 565; x_wconf 92' lang='lat' dir='ltr'>nemo</span> <span class='ocrx_word' id='word_1_18' title='bbox 932 513 1151 581; x_wconf 92' lang='lat' dir='ltr'>potest,</span> <span class='ocrx_word' id='word_1_19' title='bbox 1199 506 1347 579; x_wconf 89' lang='lat' dir='ltr'>quod</span> <span class='ocrx_word' id='word_1_20' title='bbox 1395 507 1455 563; x_wconf 91' lang='lat' dir='ltr'>in</span> <span class='ocrx_word' id='word_1_21' title='bbox 1490 523 1587 579; x_wconf 91' lang='lat' dir='ltr'>e0,</span> <span class='ocrx_word' id='word_1_22' title='bbox 1636 505 1788 577; x_wconf 90' lang='lat' dir='ltr'>quod</span> <span class='ocrx_word' id='word_1_23' title='bbox 1829 507 2016 563; x_wconf 90' lang='lat' dir='ltr'>sciunt</span> <span class='ocrx_word' id='word_1_24' title='bbox 2049 523 2268 581; x_wconf 78' lang='lat' dir='ltr'>omneS,</span> 
     </span>
     <span class='ocr_line' id='line_1_4' title="bbox 2 591 2269 668; baseline 0.001 -19"><span class='ocrx_word' id='word_1_25' title='bbox 2 654 9 657; x_wconf 58' lang='grc'><strong>,</strong></span> <span class='ocrx_word' id='word_1_26' title='bbox 94 594 214 650; x_wconf 89' lang='lat' dir='ltr'>nullo</span> <span class='ocrx_word' id='word_1_27' title='bbox 256 592 418 651; x_wconf 90' lang='lat' dir='ltr'>modo</span> <span class='ocrx_word' id='word_1_28' title='bbox 464 600 700 665; x_wconf 85' lang='lat' dir='ltr'>possunt</span> <span class='ocrx_word' id='word_1_29' title='bbox 743 597 897 652; x_wconf 91' lang='lat' dir='ltr'>inter</span> <span class='ocrx_word' id='word_1_30' title='bbox 942 612 1004 651; x_wconf 93' lang='lat' dir='ltr'>se</span> <span class='ocrx_word' id='word_1_31' title='bbox 1053 595 1413 668; x_wconf 78' lang='lat' dir='ltr'>discrepare3</span> <span class='ocrx_word' id='word_1_32' title='bbox 1460 591 1710 651; x_wconf 86' lang='lat' dir='ltr'>difficilis</span> <span class='ocrx_word' id='word_1_33' title='bbox 1758 599 1950 651; x_wconf 90' lang='lat' dir='ltr'>autem</span> <span class='ocrx_word' id='word_1_34' title='bbox 1993 612 2090 652; x_wconf 91' lang='lat' dir='ltr'>res</span> <span class='ocrx_word' id='word_1_35' title='bbox 2136 595 2269 653; x_wconf 89' lang='lat' dir='ltr'>ideo</span> 
     </span>
     <span class='ocr_line' id='line_1_5' title="bbox 92 681 2269 754; baseline 0.001 -17"><span class='ocrx_word' id='word_1_36' title='bbox 92 698 175 737; x_wconf 89' lang='lat' dir='ltr'>non</span> <span class='ocrx_word' id='word_1_37' title='bbox 240 686 500 754; x_wconf 89' lang='lat' dir='ltr'>putatur,</span> <span class='ocrx_word' id='word_1_38' title='bbox 582 682 728 754; x_wconf 89' lang='lat' dir='ltr'>quod</span> <span class='ocrx_word' id='word_1_39' title='bbox 794 689 852 740; x_wconf 88' lang='lat' dir='ltr'>et</span> <span class='ocrx_word' id='word_1_40' title='bbox 920 685 1223 754; x_wconf 80' lang='lat' dir='ltr'>perpaucis</span> <span class='ocrx_word' id='word_1_41' title='bbox 1300 686 1361 739; x_wconf 93' lang='lat' dir='ltr'>et</span> <span class='ocrx_word' id='word_1_42' title='bbox 1435 681 1670 739; x_wconf 91' lang='lat' dir='ltr'>minime</span> <span class='ocrx_word' id='word_1_43' title='bbox 1743 682 1997 739; x_wconf 91' lang='lat' dir='ltr'>obscuris</span> <span class='ocrx_word' id='word_1_44' title='bbox 2055 683 2269 740; x_wconf 89' lang='lat' dir='ltr'>litteris</span> 
     </span>
     <span class='ocr_line' id='line_1_6' title="bbox 94 770 2270 842; baseline 0.001 -18"><span class='ocrx_word' id='word_1_45' title='bbox 94 770 394 826; x_wconf 81' lang='lat' dir='ltr'>continetur.</span> <span class='ocrx_word' id='word_1_46' title='bbox 503 770 708 842; x_wconf 88' lang='lat' dir='ltr'>Itaque</span> <span class='ocrx_word' id='word_1_47' title='bbox 756 771 804 827; x_wconf 90' lang='lat' dir='ltr'>si</span> <span class='ocrx_word' id='word_1_48' title='bbox 851 771 987 827; x_wconf 88' lang='lat' dir='ltr'>mihi</span> <span class='ocrx_word' id='word_1_49' title='bbox 1052 771 1268 828; x_wconf 91' lang='lat' dir='ltr'>homini</span> <span class='ocrx_word' id='word_1_50' title='bbox 1312 770 1690 827; x_wconf 90' lang='lat' dir='ltr'>vehementer</span> <span class='ocrx_word' id='word_1_51' title='bbox 1735 774 2013 841; x_wconf 88' lang='lat' dir='ltr'>occupato</span> <span class='ocrx_word' id='word_1_52' title='bbox 2058 776 2270 827; x_wconf 88' lang='lat' dir='ltr'>stoma-</span> 
     </span>
     <span class='ocr_line' id='line_1_7' title="bbox 92 850 2268 935; baseline 0.001 -22"><span class='ocrx_word' id='word_1_53' title='bbox 92 857 222 913; x_wconf 81' lang='lat' dir='ltr'>chum</span> <span class='ocrx_word' id='word_1_54' title='bbox 276 858 599 931; x_wconf 79' lang='lat' dir='ltr'>moveritiS,</span> <span class='ocrx_word' id='word_1_55' title='bbox 659 858 848 916; x_wconf 88' lang='lat' dir='ltr'>triduo</span> <span class='ocrx_word' id='word_1_56' title='bbox 910 875 1001 916; x_wconf 91' lang='lat' dir='ltr'>me</span> <span class='ocrx_word' id='word_1_57' title='bbox 1061 859 1201 915; x_wconf 89' lang='lat' dir='ltr'>iuris</span> <span class='ocrx_word' id='word_1_58' title='bbox 1261 859 1579 915; x_wconf 90' lang='lat' dir='ltr'>consultum</span> <span class='ocrx_word' id='word_1_59' title='bbox 1625 855 1795 931; x_wconf 86' lang='lat' dir='ltr'>[esse]</span> <span class='ocrx_word' id='word_1_60' title='bbox 1827 850 1878 935; x_wconf 80' lang='lat'>1)</span> <span class='ocrx_word' id='word_1_61' title='bbox 1935 856 2268 929; x_wconf 88' lang='lat' dir='ltr'>profitebor.</span> 
     </span>
     <span class='ocr_line' id='line_1_8' title="bbox 88 944 2268 1020; baseline 0.001 -19"><span class='ocrx_word' id='word_1_62' title='bbox 88 944 281 1002; x_wconf 82' lang='lat' dir='ltr'>Etenim</span> <span class='ocrx_word' id='word_1_63' title='bbox 346 962 498 1018; x_wconf 88' lang='lat' dir='ltr'>quae</span> <span class='ocrx_word' id='word_1_64' title='bbox 569 945 640 1004; x_wconf 93' lang='lat' dir='ltr'>de</span> <span class='ocrx_word' id='word_1_65' title='bbox 702 947 915 1020; x_wconf 89' lang='lat' dir='ltr'>scripto</span> <span class='ocrx_word' id='word_1_66' title='bbox 974 950 1255 1018; x_wconf 85' lang='lat' dir='ltr'>aguntur,</span> <span class='ocrx_word' id='word_1_67' title='bbox 1325 946 1543 1018; x_wconf 86' lang='lat' dir='ltr'>scripta</span> <span class='ocrx_word' id='word_1_68' title='bbox 1592 951 1726 1003; x_wconf 91' lang='lat' dir='ltr'>sunt</span> <span class='ocrx_word' id='word_1_69' title='bbox 1784 945 2006 1019; x_wconf 87' lang='lat' dir='ltr'>omnia,</span> <span class='ocrx_word' id='word_1_70' title='bbox 2079 963 2268 1018; x_wconf 91' lang='lat' dir='ltr'>neque</span> 
     </span>
     <span class='ocr_line' id='line_1_9' title="bbox 88 1035 2272 1107; baseline 0.001 -19"><span class='ocrx_word' id='word_1_71' title='bbox 88 1040 246 1091; x_wconf 83' lang='lat' dir='ltr'>tamen</span> <span class='ocrx_word' id='word_1_72' title='bbox 288 1036 592 1106; x_wconf 88' lang='lat' dir='ltr'>quicquam</span> <span class='ocrx_word' id='word_1_73' title='bbox 634 1040 749 1091; x_wconf 90' lang='lat' dir='ltr'>tam</span> <span class='ocrx_word' id='word_1_74' title='bbox 797 1041 1039 1106; x_wconf 87' lang='lat' dir='ltr'>anguste</span> <span class='ocrx_word' id='word_1_75' title='bbox 1088 1035 1366 1106; x_wconf 86' lang='lat' dir='ltr'>scriptum</span> <span class='ocrx_word' id='word_1_76' title='bbox 1414 1038 1527 1106; x_wconf 88' lang='lat' dir='ltr'>est,</span> <span class='ocrx_word' id='word_1_77' title='bbox 1584 1049 1697 1104; x_wconf 93' lang='lat' dir='ltr'>quo</span> <span class='ocrx_word' id='word_1_78' title='bbox 1743 1049 1851 1104; x_wconf 85' lang='lat' dir='ltr'>ego</span> <span class='ocrx_word' id='word_1_79' title='bbox 1896 1050 2013 1091; x_wconf 91' lang='lat' dir='ltr'>non</span> <span class='ocrx_word' id='word_1_80' title='bbox 2057 1035 2272 1107; x_wconf 88' lang='lat' dir='ltr'>possim</span> 
     </span>
     <span class='ocr_line' id='line_1_10' title="bbox 8 1118 2271 1194; baseline 0.001 -16"><span class='ocrx_word' id='word_1_81' title='bbox 8 1182 15 1193; x_wconf 80' lang='lat'>.</span> <span class='ocrx_word' id='word_1_82' title='bbox 86 1126 206 1186; x_wconf 75' lang='lat' dir='ltr'>‘QUA</span> <span class='ocrx_word' id='word_1_83' title='bbox 244 1140 317 1177; x_wconf 80' lang='lat' dir='ltr'>m:</span> <span class='ocrx_word' id='word_1_84' title='bbox 361 1140 442 1179; x_wconf 80' lang='lat' dir='ltr'>RE</span> <span class='ocrx_word' id='word_1_85' title='bbox 487 1118 742 1180; x_wconf 78' lang='lat' dir='ltr'>AGITUR’</span> <span class='ocrx_word' id='word_1_86' title='bbox 798 1122 1043 1193; x_wconf 70' lang='lat' dir='ltr'>addere:</span> <span class='ocrx_word' id='word_1_87' title='bbox 1106 1137 1255 1193; x_wconf 88' lang='lat' dir='ltr'>quae</span> <span class='ocrx_word' id='word_1_88' title='bbox 1319 1122 1693 1178; x_wconf 91' lang='lat' dir='ltr'>consuluntur</span> <span class='ocrx_word' id='word_1_89' title='bbox 1756 1127 1976 1194; x_wconf 89' lang='lat' dir='ltr'>autem,</span> <span class='ocrx_word' id='word_1_90' title='bbox 2036 1122 2271 1180; x_wconf 92' lang='lat' dir='ltr'>minimo</span> 
     </span>
     <span class='ocr_line' id='line_1_11' title="bbox 83 1208 2272 1282; baseline 0.001 -17"><span class='ocrx_word' id='word_1_91' title='bbox 83 1210 308 1280; x_wconf 82' lang='lat' dir='ltr'>periculo</span> <span class='ocrx_word' id='word_1_92' title='bbox 361 1210 819 1282; x_wconf 84' lang='lat' dir='ltr'>respondentur:</span> <span class='ocrx_word' id='word_1_93' title='bbox 888 1211 937 1267; x_wconf 89' lang='lat' dir='ltr'>si</span> <span class='ocrx_word' id='word_1_94' title='bbox 992 1210 1077 1282; x_wconf 89' lang='lat' dir='ltr'>id,</span> <span class='ocrx_word' id='word_1_95' title='bbox 1140 1208 1288 1281; x_wconf 92' lang='lat' dir='ltr'>quod</span> <span class='ocrx_word' id='word_1_96' title='bbox 1347 1212 1599 1282; x_wconf 79' lang='lat' dir='ltr'>oportet,</span> <span class='ocrx_word' id='word_1_97' title='bbox 1659 1208 2054 1281; x_wconf 89' lang='lat' dir='ltr'>responderis,</span> <span class='ocrx_word' id='word_1_98' title='bbox 2118 1209 2272 1267; x_wconf 91' lang='lat' dir='ltr'>idem</span> 
     </span>
     <span class='ocr_line' id='line_1_12' title="bbox 84 1295 2273 1371; baseline 0.002 -21"><span class='ocrx_word' id='word_1_99' title='bbox 84 1295 286 1354; x_wconf 86' lang='lat' dir='ltr'>videare</span> <span class='ocrx_word' id='word_1_100' title='bbox 332 1297 720 1371; x_wconf 88' lang='lat' dir='ltr'>respondisse,</span> <span class='ocrx_word' id='word_1_101' title='bbox 768 1298 917 1370; x_wconf 90' lang='lat' dir='ltr'>quod</span> <span class='ocrx_word' id='word_1_102' title='bbox 954 1297 1212 1371; x_wconf 83' lang='lat' dir='ltr'>Servius3</span> <span class='ocrx_word' id='word_1_103' title='bbox 1255 1298 1344 1354; x_wconf 90' lang='lat' dir='ltr'>sin</span> <span class='ocrx_word' id='word_1_104' title='bbox 1382 1298 1572 1365; x_wconf 85' lang='lat' dir='ltr'>aliter,</span> <span class='ocrx_word' id='word_1_105' title='bbox 1619 1296 1794 1355; x_wconf 89' lang='lat' dir='ltr'>etiam</span> <span class='ocrx_word' id='word_1_106' title='bbox 1841 1301 2273 1355; x_wconf 87' lang='lat' dir='ltr'>controversum</span> 
     </span>
     <span class='ocr_line' id='line_1_13' title="bbox 83 1384 2374 1459; baseline 0.002 -19"><span class='ocrx_word' id='word_1_107' title='bbox 83 1384 154 1441; x_wconf 91' lang='lat' dir='ltr'>ius</span> <span class='ocrx_word' id='word_1_108' title='bbox 193 1402 353 1443; x_wconf 89' lang='lat' dir='ltr'>nosse</span> <span class='ocrx_word' id='word_1_109' title='bbox 399 1392 463 1443; x_wconf 89' lang='lat' dir='ltr'>et</span> <span class='ocrx_word' id='word_1_110' title='bbox 500 1391 754 1443; x_wconf 85' lang='lat' dir='ltr'>tractare</span> <span class='ocrx_word' id='word_1_111' title='bbox 802 1385 1054 1444; x_wconf 85' lang='lat' dir='ltr'>videare.</span> <span class='ocrx_word' id='word_1_112' title='bbox 1148 1386 1512 1457; x_wconf 82' lang='lat' dir='ltr'>Quapropter</span> <span class='ocrx_word' id='word_1_113' title='bbox 1555 1401 1668 1442; x_wconf 92' lang='lat' dir='ltr'>non</span> <span class='ocrx_word' id='word_1_114' title='bbox 1716 1386 1898 1442; x_wconf 88' lang='lat' dir='ltr'>solum</span> <span class='ocrx_word' id='word_1_115' title='bbox 1942 1384 2043 1442; x_wconf 87' lang='lat' dir='ltr'>illa</span> <span class='ocrx_word' id='word_1_116' title='bbox 2089 1386 2274 1459; x_wconf 80' lang='lat' dir='ltr'>gloria</span> <span class='ocrx_word' id='word_1_117' title='bbox 2294 1388 2374 1445; x_wconf 84' lang='lat'>29</span> 
     </span>
     <span class='ocr_line' id='line_1_14' title="bbox 81 1472 2273 1552; baseline 0.001 -24"><span class='ocrx_word' id='word_1_118' title='bbox 81 1472 313 1552; x_wconf 57' lang='lat' dir='ltr'>militaris</span> <span class='ocrx_word' id='word_1_119' title='bbox 347 1474 562 1530; x_wconf 88' lang='lat' dir='ltr'>vestris</span> <span class='ocrx_word' id='word_1_120' title='bbox 593 1472 853 1531; x_wconf 83' lang='lat' dir='ltr'>formulis</span> <span class='ocrx_word' id='word_1_121' title='bbox 884 1479 1058 1546; x_wconf 91' lang='lat' dir='ltr'>atque</span> <span class='ocrx_word' id='word_1_122' title='bbox 1107 1473 1434 1531; x_wconf 82' lang='lat' dir='ltr'>actionibus</span> <span class='ocrx_word' id='word_1_123' title='bbox 1465 1472 1873 1545; x_wconf 89' lang='lat' dir='ltr'>anteponenda</span> <span class='ocrx_word' id='word_1_124' title='bbox 1921 1478 2025 1545; x_wconf 88' lang='lat' dir='ltr'>est,</span> <span class='ocrx_word' id='word_1_125' title='bbox 2075 1491 2273 1532; x_wconf 88' lang='lat' dir='ltr'>verum</span> 
     </span>
     <span class='ocr_line' id='line_1_15' title="bbox 83 1552 2274 1637; baseline 0.002 -21"><span class='ocrx_word' id='word_1_126' title='bbox 83 1552 229 1616; x_wconf 70' lang='lat' dir='ltr'>etiam</span> <span class='ocrx_word' id='word_1_127' title='bbox 281 1560 914 1637; x_wconf 22' lang='lat' dir='ltr'>dicendiwconsuetudo</span> <span class='ocrx_word' id='word_1_128' title='bbox 959 1562 1127 1634; x_wconf 83' lang='lat' dir='ltr'>longe</span> <span class='ocrx_word' id='word_1_129' title='bbox 1177 1567 1236 1617; x_wconf 91' lang='lat' dir='ltr'>et</span> <span class='ocrx_word' id='word_1_130' title='bbox 1282 1562 1521 1618; x_wconf 90' lang='lat' dir='ltr'>multum</span> <span class='ocrx_word' id='word_1_131' title='bbox 1569 1561 1665 1617; x_wconf 90' lang='lat' dir='ltr'>isti</span> <span class='ocrx_word' id='word_1_132' title='bbox 1711 1565 1941 1618; x_wconf 87' lang='lat' dir='ltr'>vestrae</span> <span class='ocrx_word' id='word_1_133' title='bbox 1991 1563 2274 1620; x_wconf 87' lang='lat' dir='ltr'>exercita-</span> 
     </span>
     <span class='ocr_line' id='line_1_16' title="bbox 81 1647 2274 1721; baseline 0.002 -18"><span class='ocrx_word' id='word_1_134' title='bbox 81 1647 201 1704; x_wconf 84' lang='lat' dir='ltr'>tioni</span> <span class='ocrx_word' id='word_1_135' title='bbox 235 1648 304 1706; x_wconf 88' lang='lat' dir='ltr'>ad</span> <span class='ocrx_word' id='word_1_136' title='bbox 350 1650 633 1707; x_wconf 88' lang='lat' dir='ltr'>honorem</span> <span class='ocrx_word' id='word_1_137' title='bbox 672 1650 984 1707; x_wconf 87' lang='lat' dir='ltr'>antecellit.</span> <span class='ocrx_word' id='word_1_138' title='bbox 1078 1650 1276 1720; x_wconf 90' lang='lat' dir='ltr'>Itaque</span> <span class='ocrx_word' id='word_1_139' title='bbox 1328 1648 1466 1705; x_wconf 92' lang='lat' dir='ltr'>mihi</span> <span class='ocrx_word' id='word_1_140' title='bbox 1504 1647 1770 1706; x_wconf 87' lang='lat' dir='ltr'>videntur</span> <span class='ocrx_word' id='word_1_141' title='bbox 1807 1649 2071 1721; x_wconf 82' lang='lat' dir='ltr'>plerique</span> <span class='ocrx_word' id='word_1_142' title='bbox 2105 1649 2274 1707; x_wconf 89' lang='lat' dir='ltr'>initio</span> 
     </span>
     <span class='ocr_line' id='line_1_17' title="bbox 81 1735 2272 1809; baseline 0.002 -19"><span class='ocrx_word' id='word_1_143' title='bbox 81 1738 230 1793; x_wconf 88' lang='lat' dir='ltr'>multo</span> <span class='ocrx_word' id='word_1_144' title='bbox 273 1737 381 1794; x_wconf 93' lang='lat' dir='ltr'>hoc</span> <span class='ocrx_word' id='word_1_145' title='bbox 428 1737 735 1809; x_wconf 89' lang='lat' dir='ltr'>maluisse,</span> <span class='ocrx_word' id='word_1_146' title='bbox 782 1743 944 1809; x_wconf 90' lang='lat' dir='ltr'>post,</span> <span class='ocrx_word' id='word_1_147' title='bbox 989 1753 1117 1794; x_wconf 91' lang='lat' dir='ltr'>cum</span> <span class='ocrx_word' id='word_1_148' title='bbox 1163 1736 1222 1793; x_wconf 92' lang='lat' dir='ltr'>id</span> <span class='ocrx_word' id='word_1_149' title='bbox 1268 1735 1508 1807; x_wconf 86' lang='lat' dir='ltr'>adsequi</span> <span class='ocrx_word' id='word_1_150' title='bbox 1555 1753 1670 1793; x_wconf 93' lang='lat' dir='ltr'>non</span> <span class='ocrx_word' id='word_1_151' title='bbox 1714 1737 2063 1809; x_wconf 88' lang='lat' dir='ltr'>potuissent,</span> <span class='ocrx_word' id='word_1_152' title='bbox 2125 1738 2272 1795; x_wconf 87' lang='lat' dir='ltr'>istuc</span> 
     </span>
     <span class='ocr_line' id='line_1_18' title="bbox 79 1818 2271 1901; baseline 0.001 -21"><span class='ocrx_word' id='word_1_153' title='bbox 79 1825 404 1895; x_wconf 86' lang='lat' dir='ltr'>potissimum</span> <span class='ocrx_word' id='word_1_154' title='bbox 453 1831 587 1883; x_wconf 91' lang='lat' dir='ltr'>sunt</span> <span class='ocrx_word' id='word_1_155' title='bbox 633 1824 869 1896; x_wconf 82' lang='lat' dir='ltr'>delapsi.</span> <span class='ocrx_word' id='word_1_156' title='bbox 975 1824 1053 1882; x_wconf 90' lang='lat' dir='ltr'>Ut</span> <span class='ocrx_word' id='word_1_157' title='bbox 1074 1818 1124 1901; x_wconf 76' lang='lat'>2)</span> <span class='ocrx_word' id='word_1_158' title='bbox 1179 1825 1340 1881; x_wconf 88' lang='lat' dir='ltr'>aiunt</span> <span class='ocrx_word' id='word_1_159' title='bbox 1390 1826 1451 1881; x_wconf 92' lang='lat' dir='ltr'>in</span> <span class='ocrx_word' id='word_1_160' title='bbox 1495 1822 1735 1881; x_wconf 89' lang='lat' dir='ltr'>Graecis</span> <span class='ocrx_word' id='word_1_161' title='bbox 1796 1820 2111 1881; x_wconf 90' lang='lat' dir='ltr'>artificibus</span> <span class='ocrx_word' id='word_1_162' title='bbox 2170 1841 2271 1883; x_wconf 88' lang='lat' dir='ltr'>eos</span> 
     </span>
     <span class='ocr_line' id='line_1_19' title="bbox 10 1907 2269 1991; baseline 0.001 -24"><span class='ocrx_word' id='word_1_163' title='bbox 10 1948 15 1955; x_wconf 83' lang='lat'>-</span> <span class='ocrx_word' id='word_1_164' title='bbox 80 1912 324 1970; x_wconf 85' lang='lat' dir='ltr'>auloedos</span> <span class='ocrx_word' id='word_1_165' title='bbox 363 1929 530 1985; x_wconf 91' lang='lat' dir='ltr'>esse,</span> <span class='ocrx_word' id='word_1_166' title='bbox 578 1913 675 1985; x_wconf 91' lang='lat' dir='ltr'>qui</span> <span class='ocrx_word' id='word_1_167' title='bbox 722 1912 1042 1970; x_wconf 88' lang='lat' dir='ltr'>citharoedi</span> <span class='ocrx_word' id='word_1_168' title='bbox 1083 1910 1210 1970; x_wconf 94' lang='lat' dir='ltr'>fieri</span> <span class='ocrx_word' id='word_1_169' title='bbox 1254 1928 1372 1969; x_wconf 90' lang='lat' dir='ltr'>non</span> <span class='ocrx_word' id='word_1_170' title='bbox 1414 1912 1733 1983; x_wconf 89' lang='lat' dir='ltr'>potuerint,</span> <span class='ocrx_word' id='word_1_171' title='bbox 1776 1912 1857 1968; x_wconf 92' lang='lat' dir='ltr'>sic</span> <span class='ocrx_word' id='word_1_172' title='bbox 1896 1911 2048 1984; x_wconf 90' lang='lat' dir='ltr'>apud</span> <span class='ocrx_word' id='word_1_173' title='bbox 2093 1929 2196 1969; x_wconf 90' lang='lat' dir='ltr'>nos</span> <span class='ocrx_word' id='word_1_174' title='bbox 2215 1907 2269 1991; x_wconf 81' lang='lat'>⁸)</span> 
     </span>
     <span class='ocr_line' id='line_1_20' title="bbox 79 1998 2272 2073; baseline 0.001 -19"><span class='ocrx_word' id='word_1_175' title='bbox 79 1999 335 2073; x_wconf 78' lang='lat' dir='ltr'>videmuS,</span> <span class='ocrx_word' id='word_1_176' title='bbox 400 2000 498 2072; x_wconf 94' lang='lat' dir='ltr'>qui</span> <span class='ocrx_word' id='word_1_177' title='bbox 545 2005 806 2058; x_wconf 89' lang='lat' dir='ltr'>oratores</span> <span class='ocrx_word' id='word_1_178' title='bbox 852 2000 1100 2059; x_wconf 85' lang='lat' dir='ltr'>evadere</span> <span class='ocrx_word' id='word_1_179' title='bbox 1149 2017 1261 2057; x_wconf 93' lang='lat' dir='ltr'>non</span> <span class='ocrx_word' id='word_1_180' title='bbox 1306 2000 1628 2073; x_wconf 89' lang='lat' dir='ltr'>potuerint,</span> <span class='ocrx_word' id='word_1_181' title='bbox 1688 2015 1787 2057; x_wconf 88' lang='lat' dir='ltr'>eos</span> <span class='ocrx_word' id='word_1_182' title='bbox 1834 1998 1906 2057; x_wconf 89' lang='lat' dir='ltr'>ad</span> <span class='ocrx_word' id='word_1_183' title='bbox 1963 1999 2105 2057; x_wconf 91' lang='lat' dir='ltr'>iuris</span> <span class='ocrx_word' id='word_1_184' title='bbox 2152 2004 2272 2057; x_wconf 92' lang='lat' dir='ltr'>stu-</span> 
     </span>
     <span class='ocr_line' id='line_1_21' title="bbox 10 2084 2271 2161; baseline 0.001 -19"><span class='ocrx_word' id='word_1_185' title='bbox 10 2084 11 2093; x_wconf 75' lang='grc'>’</span> <span class='ocrx_word' id='word_1_186' title='bbox 78 2086 207 2145; x_wconf 85' lang='lat' dir='ltr'>dium</span> <span class='ocrx_word' id='word_1_187' title='bbox 239 2088 533 2146; x_wconf 84' lang='lat' dir='ltr'>devenire.</span> <span class='ocrx_word' id='word_1_188' title='bbox 625 2089 873 2161; x_wconf 84' lang='lat' dir='ltr'>Magnus</span> <span class='ocrx_word' id='word_1_189' title='bbox 913 2088 1145 2147; x_wconf 91' lang='lat' dir='ltr'>dicendi</span> <span class='ocrx_word' id='word_1_190' title='bbox 1193 2088 1385 2160; x_wconf 89' lang='lat' dir='ltr'>labor,</span> <span class='ocrx_word' id='word_1_191' title='bbox 1426 2102 1635 2160; x_wconf 87' lang='lat' dir='ltr'>magna</span> <span class='ocrx_word' id='word_1_192' title='bbox 1675 2104 1796 2157; x_wconf 88' lang='lat' dir='ltr'>res,</span> <span class='ocrx_word' id='word_1_193' title='bbox 1844 2102 2053 2160; x_wconf 84' lang='lat' dir='ltr'>magna</span> <span class='ocrx_word' id='word_1_194' title='bbox 2084 2086 2271 2160; x_wconf 86' lang='lat' dir='ltr'>digni-</span> 
     </span>
     <span class='ocr_line' id='line_1_22' title="bbox 78 2174 2272 2250; baseline 0.001 -18"><span class='ocrx_word' id='word_1_195' title='bbox 78 2180 177 2248; x_wconf 77' lang='lat' dir='ltr'>taS,</span> <span class='ocrx_word' id='word_1_196' title='bbox 237 2194 460 2235; x_wconf 90' lang='lat' dir='ltr'>summa</span> <span class='ocrx_word' id='word_1_197' title='bbox 502 2183 697 2235; x_wconf 88' lang='lat' dir='ltr'>autem</span> <span class='ocrx_word' id='word_1_198' title='bbox 743 2179 945 2250; x_wconf 85' lang='lat' dir='ltr'>gratia.</span> <span class='ocrx_word' id='word_1_199' title='bbox 1047 2176 1283 2235; x_wconf 87' lang='lat' dir='ltr'>Etenim</span> <span class='ocrx_word' id='word_1_200' title='bbox 1328 2192 1364 2233; x_wconf 91' lang='lat' dir='ltr'>a</span> <span class='ocrx_word' id='word_1_201' title='bbox 1410 2175 1571 2233; x_wconf 82' lang='lat' dir='ltr'>vobis</span> <span class='ocrx_word' id='word_1_202' title='bbox 1613 2174 1922 2234; x_wconf 88' lang='lat' dir='ltr'>salubritas</span> <span class='ocrx_word' id='word_1_203' title='bbox 1969 2175 2272 2250; x_wconf 87' lang='lat' dir='ltr'>quaedam,</span> 
     </span>
     <span class='ocr_line' id='line_1_23' title="bbox 77 2264 2274 2339; baseline 0.002 -21"><span class='ocrx_word' id='word_1_204' title='bbox 77 2264 132 2320; x_wconf 82' lang='lat' dir='ltr'>ab</span> <span class='ocrx_word' id='word_1_205' title='bbox 171 2265 275 2339; x_wconf 83' lang='lat' dir='ltr'>eis,</span> <span class='ocrx_word' id='word_1_206' title='bbox 337 2266 437 2336; x_wconf 91' lang='lat' dir='ltr'>qui</span> <span class='ocrx_word' id='word_1_207' title='bbox 484 2264 718 2338; x_wconf 89' lang='lat' dir='ltr'>dicunt,</span> <span class='ocrx_word' id='word_1_208' title='bbox 774 2267 926 2323; x_wconf 89' lang='lat' dir='ltr'>salus</span> <span class='ocrx_word' id='word_1_209' title='bbox 972 2266 1097 2337; x_wconf 87' lang='lat' dir='ltr'>ipsa</span> <span class='ocrx_word' id='word_1_210' title='bbox 1138 2266 1371 2337; x_wconf 87' lang='lat' dir='ltr'>petitur.</span> <span class='ocrx_word' id='word_1_211' title='bbox 1471 2264 1700 2321; x_wconf 91' lang='lat' dir='ltr'>Deinde</span> <span class='ocrx_word' id='word_1_212' title='bbox 1748 2269 1942 2321; x_wconf 88' lang='lat' dir='ltr'>vestra</span> <span class='ocrx_word' id='word_1_213' title='bbox 1997 2281 2274 2337; x_wconf 88' lang='lat' dir='ltr'>responsa</span> 
     </span>
     <span class='ocr_line' id='line_1_24' title="bbox 77 2351 2272 2425; baseline 0.002 -19"><span class='ocrx_word' id='word_1_214' title='bbox 77 2357 221 2424; x_wconf 84' lang='lat' dir='ltr'>atque</span> <span class='ocrx_word' id='word_1_215' title='bbox 274 2354 516 2411; x_wconf 86' lang='lat' dir='ltr'>decreta</span> <span class='ocrx_word' id='word_1_216' title='bbox 576 2358 634 2410; x_wconf 90' lang='lat' dir='ltr'>et</span> <span class='ocrx_word' id='word_1_217' title='bbox 682 2359 1021 2411; x_wconf 90' lang='lat' dir='ltr'>evertuntur</span> <span class='ocrx_word' id='word_1_218' title='bbox 1083 2369 1258 2425; x_wconf 85' lang='lat' dir='ltr'>saepe</span> <span class='ocrx_word' id='word_1_219' title='bbox 1320 2351 1564 2410; x_wconf 93' lang='lat' dir='ltr'>dicendo</span> <span class='ocrx_word' id='word_1_220' title='bbox 1629 2357 1688 2409; x_wconf 91' lang='lat' dir='ltr'>et</span> <span class='ocrx_word' id='word_1_221' title='bbox 1746 2353 1871 2409; x_wconf 91' lang='lat' dir='ltr'>sine</span> <span class='ocrx_word' id='word_1_222' title='bbox 1934 2351 2272 2410; x_wconf 89' lang='lat' dir='ltr'>defensione</span> 
     </span>
     <span class='ocr_line' id='line_1_25' title="bbox 74 2434 2273 2518; baseline 0.002 -24"><span class='ocrx_word' id='word_1_223' title='bbox 74 2442 291 2499; x_wconf 86' lang='lat' dir='ltr'>oratoris</span> <span class='ocrx_word' id='word_1_224' title='bbox 339 2438 505 2498; x_wconf 89' lang='lat' dir='ltr'>firma</span> <span class='ocrx_word' id='word_1_225' title='bbox 554 2458 682 2499; x_wconf 89' lang='lat' dir='ltr'>esse</span> <span class='ocrx_word' id='word_1_226' title='bbox 745 2459 858 2499; x_wconf 90' lang='lat' dir='ltr'>non</span> <span class='ocrx_word' id='word_1_227' title='bbox 912 2446 1183 2513; x_wconf 71' lang='lat' dir='ltr'>possunt:</span> <span class='ocrx_word' id='word_1_228' title='bbox 1232 2441 1293 2497; x_wconf 93' lang='lat' dir='ltr'>in</span> <span class='ocrx_word' id='word_1_229' title='bbox 1339 2457 1451 2512; x_wconf 90' lang='lat' dir='ltr'>qua</span> <span class='ocrx_word' id='word_1_230' title='bbox 1469 2434 1523 2518; x_wconf 80' lang='lat'>4)</span> <span class='ocrx_word' id='word_1_231' title='bbox 1585 2441 1632 2498; x_wconf 90' lang='lat' dir='ltr'>si</span> <span class='ocrx_word' id='word_1_232' title='bbox 1692 2441 1830 2497; x_wconf 89' lang='lat' dir='ltr'>satis</span> <span class='ocrx_word' id='word_1_233' title='bbox 1881 2440 2273 2514; x_wconf 81' lang='lat' dir='ltr'>profecissem,</span> 
     </span>
     <span class='ocr_line' id='line_1_26' title="bbox 72 2526 2273 2601; baseline 0.002 -20"><span class='ocrx_word' id='word_1_234' title='bbox 72 2531 271 2597; x_wconf 87' lang='lat' dir='ltr'>parcius</span> <span class='ocrx_word' id='word_1_235' title='bbox 316 2531 388 2588; x_wconf 88' lang='lat' dir='ltr'>de</span> <span class='ocrx_word' id='word_1_236' title='bbox 435 2530 561 2586; x_wconf 91' lang='lat' dir='ltr'>eius</span> <span class='ocrx_word' id='word_1_237' title='bbox 617 2529 787 2588; x_wconf 88' lang='lat' dir='ltr'>laude</span> <span class='ocrx_word' id='word_1_238' title='bbox 837 2529 1117 2586; x_wconf 90' lang='lat' dir='ltr'>dicerem:</span> <span class='ocrx_word' id='word_1_239' title='bbox 1182 2545 1334 2585; x_wconf 88' lang='lat' dir='ltr'>nunc</span> <span class='ocrx_word' id='word_1_240' title='bbox 1381 2528 1523 2584; x_wconf 88' lang='lat' dir='ltr'>nihil</span> <span class='ocrx_word' id='word_1_241' title='bbox 1569 2526 1643 2585; x_wconf 89' lang='lat' dir='ltr'>de</span> <span class='ocrx_word' id='word_1_242' title='bbox 1691 2544 1780 2585; x_wconf 89' lang='lat' dir='ltr'>me</span> <span class='ocrx_word' id='word_1_243' title='bbox 1828 2526 1985 2601; x_wconf 90' lang='lat' dir='ltr'>dic0,</span> <span class='ocrx_word' id='word_1_244' title='bbox 2047 2529 2152 2586; x_wconf 90' lang='lat' dir='ltr'>sed</span> <span class='ocrx_word' id='word_1_245' title='bbox 2199 2529 2273 2586; x_wconf 87' lang='lat' dir='ltr'>de</span> 
     </span>
     <span class='ocr_line' id='line_1_27' title="bbox 8 2614 1571 2690; baseline 0.003 -21"><span class='ocrx_word' id='word_1_246' title='bbox 8 2639 17 2682; x_wconf 50' lang='grc' dir='ltr'><em>ς</em></span> <span class='ocrx_word' id='word_1_247' title='bbox 74 2617 163 2690; x_wconf 85' lang='lat' dir='ltr'>eis,</span> <span class='ocrx_word' id='word_1_248' title='bbox 209 2618 305 2690; x_wconf 90' lang='lat' dir='ltr'>qui</span> <span class='ocrx_word' id='word_1_249' title='bbox 353 2618 413 2673; x_wconf 93' lang='lat' dir='ltr'>in</span> <span class='ocrx_word' id='word_1_250' title='bbox 462 2617 710 2675; x_wconf 89' lang='lat' dir='ltr'>dicendo</span> <span class='ocrx_word' id='word_1_251' title='bbox 759 2618 950 2690; x_wconf 84' lang='lat' dir='ltr'>magni</span> <span class='ocrx_word' id='word_1_252' title='bbox 998 2621 1131 2674; x_wconf 90' lang='lat' dir='ltr'>sunt</span> <span class='ocrx_word' id='word_1_253' title='bbox 1175 2620 1275 2673; x_wconf 90' lang='lat' dir='ltr'>aut</span> <span class='ocrx_word' id='word_1_254' title='bbox 1319 2614 1571 2674; x_wconf 89' lang='lat' dir='ltr'>fuerunt.</span> 
     </span>
    </p>

    <p class='ocr_par' dir='ltr' id='par_1_3' title="bbox 8 2702 2381 3398">
     <span class='ocr_line' id='line_1_28' title="bbox 217 2702 2381 2779; baseline -0.002 -17"><span class='ocrx_word' id='word_1_255' title='bbox 217 2705 386 2762; x_wconf 88' lang='lat' dir='ltr'>Duae</span> <span class='ocrx_word' id='word_1_256' title='bbox 432 2710 564 2762; x_wconf 90' lang='lat' dir='ltr'>sunt</span> <span class='ocrx_word' id='word_1_257' title='bbox 625 2711 809 2779; x_wconf 81' lang='lat' dir='ltr'>arteS,</span> <span class='ocrx_word' id='word_1_258' title='bbox 862 2720 1009 2776; x_wconf 91' lang='lat' dir='ltr'>quae</span> <span class='ocrx_word' id='word_1_259' title='bbox 1064 2709 1304 2777; x_wconf 91' lang='lat' dir='ltr'>possunt</span> <span class='ocrx_word' id='word_1_260' title='bbox 1353 2704 1549 2761; x_wconf 86' lang='lat' dir='ltr'>locare</span> <span class='ocrx_word' id='word_1_261' title='bbox 1605 2702 1864 2760; x_wconf 90' lang='lat' dir='ltr'>homines</span> <span class='ocrx_word' id='word_1_262' title='bbox 1925 2702 1987 2759; x_wconf 91' lang='lat' dir='ltr'>in</span> <span class='ocrx_word' id='word_1_263' title='bbox 2043 2703 2274 2774; x_wconf 89' lang='lat' dir='ltr'>amplis·</span> <span class='ocrx_word' id='word_1_264' title='bbox 2293 2703 2381 2769; x_wconf 83' lang='lat'>14</span> 
     </span>
     <span class='ocr_line' id='line_1_29' title="bbox 72 2788 2377 2868; baseline -0 -19.027"><span class='ocrx_word' id='word_1_265' title='bbox 72 2790 189 2850; x_wconf 85' lang='lat' dir='ltr'>simo</span> <span class='ocrx_word' id='word_1_266' title='bbox 234 2792 419 2865; x_wconf 87' lang='lat' dir='ltr'>gradu</span> <span class='ocrx_word' id='word_1_267' title='bbox 467 2793 794 2866; x_wconf 86' lang='lat' dir='ltr'>dignitatis:</span> <span class='ocrx_word' id='word_1_268' title='bbox 840 2809 954 2849; x_wconf 90' lang='lat' dir='ltr'>una</span> <span class='ocrx_word' id='word_1_269' title='bbox 999 2792 1396 2868; x_wconf 81' lang='lat' dir='ltr'>imperatoriS‚</span> <span class='ocrx_word' id='word_1_270' title='bbox 1444 2792 1631 2848; x_wconf 86' lang='lat' dir='ltr'>altera</span> <span class='ocrx_word' id='word_1_271' title='bbox 1676 2790 1926 2849; x_wconf 90' lang='lat' dir='ltr'>oratoris</span> <span class='ocrx_word' id='word_1_272' title='bbox 1973 2788 2140 2863; x_wconf 87' lang='lat' dir='ltr'>boni;</span> <span class='ocrx_word' id='word_1_273' title='bbox 2200 2792 2272 2849; x_wconf 91' lang='lat' dir='ltr'>ab</span> <span class='ocrx_word' id='word_1_274' title='bbox 2294 2799 2377 2855; x_wconf 90' lang='lat'>30</span> 
     </span>
     <span class='ocr_line' id='line_1_30' title="bbox 8 2876 2275 2952; baseline 0.002 -20"><span class='ocrx_word' id='word_1_275' title='bbox 8 2883 13 2894; x_wconf 85' lang='lat'><em>‘</em></span> <span class='ocrx_word' id='word_1_276' title='bbox 71 2876 156 2936; x_wconf 91' lang='lat' dir='ltr'>hoc</span> <span class='ocrx_word' id='word_1_277' title='bbox 217 2881 372 2938; x_wconf 90' lang='lat' dir='ltr'>enim</span> <span class='ocrx_word' id='word_1_278' title='bbox 430 2882 591 2952; x_wconf 87' lang='lat' dir='ltr'>pacis</span> <span class='ocrx_word' id='word_1_279' title='bbox 661 2885 1001 2938; x_wconf 83' lang='lat' dir='ltr'>ornamenta</span> <span class='ocrx_word' id='word_1_280' title='bbox 1062 2881 1421 2952; x_wconf 83' lang='lat' dir='ltr'>retinentur,</span> <span class='ocrx_word' id='word_1_281' title='bbox 1500 2879 1571 2936; x_wconf 92' lang='lat' dir='ltr'>ab</span> <span class='ocrx_word' id='word_1_282' title='bbox 1640 2879 1740 2936; x_wconf 91' lang='lat' dir='ltr'>illo</span> <span class='ocrx_word' id='word_1_283' title='bbox 1810 2878 1949 2936; x_wconf 91' lang='lat' dir='ltr'>belli</span> <span class='ocrx_word' id='word_1_284' title='bbox 2015 2878 2275 2949; x_wconf 88' lang='lat' dir='ltr'>pericula</span> 
     </span>
     <span class='ocr_line' id='line_1_31' title="bbox 8 2959 2274 3039; baseline 0 -17"><span class='ocrx_word' id='word_1_285' title='bbox 8 2959 11 2970; x_wconf 90' lang='lat'>&#39;</span> <span class='ocrx_word' id='word_1_286' title='bbox 71 2969 419 3038; x_wconf 87' lang='lat' dir='ltr'>repelluntur.</span> <span class='ocrx_word' id='word_1_287' title='bbox 518 2967 769 3026; x_wconf 85' lang='lat' dir='ltr'>Ceterae</span> <span class='ocrx_word' id='word_1_288' title='bbox 814 2974 1009 3026; x_wconf 89' lang='lat' dir='ltr'>tamen</span> <span class='ocrx_word' id='word_1_289' title='bbox 1054 2969 1296 3026; x_wconf 86' lang='lat' dir='ltr'>virtutes</span> <span class='ocrx_word' id='word_1_290' title='bbox 1339 2968 1502 3039; x_wconf 86' lang='lat' dir='ltr'>ipsae</span> <span class='ocrx_word' id='word_1_291' title='bbox 1533 2983 1640 3038; x_wconf 92' lang='lat' dir='ltr'>per</span> <span class='ocrx_word' id='word_1_292' title='bbox 1672 2983 1734 3024; x_wconf 91' lang='lat' dir='ltr'>se</span> <span class='ocrx_word' id='word_1_293' title='bbox 1779 2967 2019 3023; x_wconf 90' lang='lat' dir='ltr'>multum</span> <span class='ocrx_word' id='word_1_294' title='bbox 2059 2966 2274 3039; x_wconf 84' lang='lat' dir='ltr'>valent,</span> 
     </span>
     <span class='ocr_line' id='line_1_32' title="bbox 70 3052 2271 3133; baseline 0.001 -25"><span class='ocrx_word' id='word_1_295' title='bbox 70 3052 262 3113; x_wconf 86' lang='lat' dir='ltr'>institia</span> <span class='ocrx_word' id='word_1_296' title='bbox 308 3054 453 3113; x_wconf 91' lang='lat' dir='ltr'>fides</span> <span class='ocrx_word' id='word_1_297' title='bbox 468 3100 484 3133; x_wconf 90' lang='lat'>,</span> <span class='ocrx_word' id='word_1_298' title='bbox 559 3056 747 3128; x_wconf 91' lang='lat' dir='ltr'>pudor</span> <span class='ocrx_word' id='word_1_299' title='bbox 805 3057 1227 3128; x_wconf 68' lang='lat' dir='ltr'>temperantia:</span> <span class='ocrx_word' id='word_1_300' title='bbox 1302 3054 1506 3127; x_wconf 88' lang='lat' dir='ltr'>quibus</span> <span class='ocrx_word' id='word_1_301' title='bbox 1564 3061 1650 3128; x_wconf 91' lang='lat' dir='ltr'>te,</span> <span class='ocrx_word' id='word_1_302' title='bbox 1719 3054 1910 3127; x_wconf 86' lang='lat' dir='ltr'>Servi,</span> <span class='ocrx_word' id='word_1_303' title='bbox 1982 3053 2271 3111; x_wconf 84' lang='lat' dir='ltr'>excellere</span> 
     </span>
     <span class='ocr_line' id='line_1_33' title="bbox 70 3136 2272 3222; baseline 0 -27"><span class='ocrx_word' id='word_1_304' title='bbox 70 3157 240 3202; x_wconf 90' lang='lat' dir='ltr'>omnes</span> <span class='ocrx_word' id='word_1_305' title='bbox 285 3144 668 3218; x_wconf 87' lang='lat' dir='ltr'>intellegunt:</span> <span class='ocrx_word' id='word_1_306' title='bbox 734 3144 835 3202; x_wconf 91' lang='lat' dir='ltr'>sed</span> <span class='ocrx_word' id='word_1_307' title='bbox 881 3160 1031 3204; x_wconf 90' lang='lat' dir='ltr'>nunc</span> <span class='ocrx_word' id='word_1_308' title='bbox 1082 3143 1153 3200; x_wconf 90' lang='lat' dir='ltr'>de</span> <span class='ocrx_word' id='word_1_309' title='bbox 1202 3143 1406 3200; x_wconf 86' lang='lat' dir='ltr'>studiis</span> <span class='ocrx_word' id='word_1_310' title='bbox 1453 3143 1527 3201; x_wconf 89' lang='lat' dir='ltr'>ad</span> <span class='ocrx_word' id='word_1_311' title='bbox 1571 3143 1848 3200; x_wconf 89' lang='lat' dir='ltr'>honorem</span> <span class='ocrx_word' id='word_1_312' title='bbox 1896 3141 2175 3214; x_wconf 90' lang='lat' dir='ltr'>adpositis</span> <span class='ocrx_word' id='word_1_313' title='bbox 2200 3136 2272 3222; x_wconf 85' lang='lat'>⁵),</span> 
     </span>
     <span class='ocr_line' id='line_1_34' title="bbox 68 3229 2273 3304; baseline 0.003 -22"><span class='ocrx_word' id='word_1_314' title='bbox 68 3245 158 3286; x_wconf 91' lang='lat' dir='ltr'>non</span> <span class='ocrx_word' id='word_1_315' title='bbox 211 3232 281 3289; x_wconf 93' lang='lat' dir='ltr'>de</span> <span class='ocrx_word' id='word_1_316' title='bbox 331 3232 507 3290; x_wconf 87' lang='lat' dir='ltr'>insita</span> <span class='ocrx_word' id='word_1_317' title='bbox 555 3233 834 3304; x_wconf 89' lang='lat' dir='ltr'>cuiusque</span> <span class='ocrx_word' id='word_1_318' title='bbox 881 3233 1095 3289; x_wconf 86' lang='lat' dir='ltr'>virtute</span> <span class='ocrx_word' id='word_1_319' title='bbox 1144 3231 1390 3303; x_wconf 90' lang='lat' dir='ltr'>disputo.</span> <span class='ocrx_word' id='word_1_320' title='bbox 1500 3231 1706 3289; x_wconf 88' lang='lat' dir='ltr'>Omnia</span> <span class='ocrx_word' id='word_1_321' title='bbox 1766 3230 1880 3287; x_wconf 89' lang='lat' dir='ltr'>ista</span> <span class='ocrx_word' id='word_1_322' title='bbox 1935 3229 2100 3287; x_wconf 90' lang='lat' dir='ltr'>nobis</span> <span class='ocrx_word' id='word_1_323' title='bbox 2154 3235 2273 3288; x_wconf 88' lang='lat' dir='ltr'>stu-</span> 
     </span>
     <span class='ocr_line' id='line_1_35' title="bbox 70 3313 2270 3398; baseline 0.002 -28"><span class='ocrx_word' id='word_1_324' title='bbox 70 3314 146 3373; x_wconf 88' lang='lat' dir='ltr'>dia</span> <span class='ocrx_word' id='word_1_325' title='bbox 185 3319 253 3376; x_wconf 89' lang='lat' dir='ltr'>de</span> <span class='ocrx_word' id='word_1_326' title='bbox 307 3321 574 3378; x_wconf 90' lang='lat' dir='ltr'>manibus</span> <span class='ocrx_word' id='word_1_327' title='bbox 624 3321 1020 3393; x_wconf 88' lang='lat' dir='ltr'>excutiuntur,</span> <span class='ocrx_word' id='word_1_328' title='bbox 1084 3320 1429 3390; x_wconf 88' lang='lat' dir='ltr'>simulatque</span> <span class='ocrx_word' id='word_1_329' title='bbox 1497 3317 1698 3393; x_wconf 88' lang='lat' dir='ltr'>[aliqui</span> <span class='ocrx_word' id='word_1_330' title='bbox 1757 3324 1942 3376; x_wconf 89' lang='lat' dir='ltr'>motus</span> <span class='ocrx_word' id='word_1_331' title='bbox 1989 3316 2188 3391; x_wconf 90' lang='lat' dir='ltr'>novus]</span> <span class='ocrx_word' id='word_1_332' title='bbox 2216 3313 2270 3398; x_wconf 65' lang='grc' dir='ltr'>ὃ)</span> 
     </span>
    </p>
   </div>
   <div class='ocr_carea' id='block_1_3' title="bbox 88 3435 263 3444">
    <p class='ocr_par' dir='ltr' id='par_1_4' title="bbox 88 3435 263 3444">
     <span class='ocr_line' id='line_1_36' title="bbox 88 3435 263 3444; baseline 0 910"><span class='ocrx_word' id='word_1_333' title='bbox 88 3435 263 3444; x_wconf 95' lang='lat' dir='ltr'> </span> 
     </span>
    </p>
   </div>
   <div class='ocr_carea' id='block_1_4' title="bbox 266 3438 451 3446">
    <p class='ocr_par' dir='ltr' id='par_1_5' title="bbox 266 3438 451 3446">
     <span class='ocr_line' id='line_1_37' title="bbox 266 3438 451 3446; baseline 0 0"><span class='ocrx_word' id='word_1_334' title='bbox 266 3438 451 3446; x_wconf 95' lang='lat' dir='ltr'> </span> 
     </span>
    </p>
   </div>
   <div class='ocr_carea' id='block_1_5' title="bbox 69 3499 2266 3921">
    <p class='ocr_par' dir='ltr' id='par_1_6' title="bbox 69 3499 2266 3921">
     <span class='ocr_line' id='line_1_38' title="bbox 185 3499 2266 3568; baseline -0.001 -14"><span class='ocrx_word' id='word_1_335' title='bbox 185 3503 235 3567; x_wconf 96' lang='grc'>1)</span> <span class='ocrx_word' id='word_1_336' title='bbox 272 3517 383 3554; x_wconf 82' lang='lat' dir='ltr'>esse</span> <span class='ocrx_word' id='word_1_337' title='bbox 420 3502 524 3554; x_wconf 88' lang='lat' dir='ltr'>del.</span> <span class='ocrx_word' id='word_1_338' title='bbox 564 3500 805 3564; x_wconf 86' lang='lat' dir='ltr'>Ernesti,</span> <span class='ocrx_word' id='word_1_339' title='bbox 846 3501 1036 3568; x_wconf 90' lang='lat' dir='ltr'>Halm,</span> <span class='ocrx_word' id='word_1_340' title='bbox 1088 3500 1311 3565; x_wconf 82' lang='lat' dir='ltr'>Kayser.</span> <span class='ocrx_word' id='word_1_341' title='bbox 1488 3499 1544 3564; x_wconf 80' lang='lat'>2)</span> <span class='ocrx_word' id='word_1_342' title='bbox 1586 3499 1794 3566; x_wconf 84' lang='lat' dir='ltr'>Kayser</span> <span class='ocrx_word' id='word_1_343' title='bbox 1831 3502 1957 3552; x_wconf 83' lang='lat' dir='ltr'>ante</span> <span class='ocrx_word' id='word_1_344' title='bbox 2004 3504 2068 3552; x_wconf 77' lang='lat' dir='ltr'>ut</span> <span class='ocrx_word' id='word_1_345' title='bbox 2103 3500 2266 3552; x_wconf 90' lang='lat' dir='ltr'>Lam-</span> 
     </span>
     <span class='ocr_line' id='line_1_39' title="bbox 71 3564 2262 3636; baseline 0.003 -20"><span class='ocrx_word' id='word_1_346' title='bbox 71 3564 169 3622; x_wconf 84' lang='lat' dir='ltr'>bino</span> <span class='ocrx_word' id='word_1_347' title='bbox 202 3575 416 3626; x_wconf 87' lang='lat' dir='ltr'>auctore</span> <span class='ocrx_word' id='word_1_348' title='bbox 458 3577 507 3624; x_wconf 80' lang='lat' dir='ltr'>et</span> <span class='ocrx_word' id='word_1_349' title='bbox 544 3572 786 3624; x_wconf 85' lang='lat' dir='ltr'>inseruit.</span> <span class='ocrx_word' id='word_1_350' title='bbox 899 3573 950 3636; x_wconf 88' lang='lat'>3)</span> <span class='ocrx_word' id='word_1_351' title='bbox 991 3569 1141 3636; x_wconf 75' lang='lat' dir='ltr'>apud</span> <span class='ocrx_word' id='word_1_352' title='bbox 1178 3586 1278 3622; x_wconf 77' lang='lat' dir='ltr'>nos</span> <span class='ocrx_word' id='word_1_353' title='bbox 1305 3569 1502 3631; x_wconf 86' lang='lat' dir='ltr'>Cobet,</span> <span class='ocrx_word' id='word_1_354' title='bbox 1540 3569 1700 3622; x_wconf 89' lang='lat' dir='ltr'>Halm</span> <span class='ocrx_word' id='word_1_355' title='bbox 1713 3590 1724 3633; x_wconf 92' lang='lat'>;</span> <span class='ocrx_word' id='word_1_356' title='bbox 1761 3571 2060 3623; x_wconf 73' lang='lat' dir='ltr'>normullos</span> <span class='ocrx_word' id='word_1_357' title='bbox 2084 3570 2262 3634; x_wconf 88' lang='lat' dir='ltr'>codd.;</span> 
     </span>
     <span class='ocr_line' id='line_1_40' title="bbox 71 3636 2262 3708; baseline 0.002 -18"><span class='ocrx_word' id='word_1_358' title='bbox 71 3636 129 3690; x_wconf 71' lang='lat' dir='ltr'>sic</span> <span class='ocrx_word' id='word_1_359' title='bbox 158 3659 252 3695; x_wconf 75' lang='lat' dir='ltr'>nos</span> <span class='ocrx_word' id='word_1_360' title='bbox 290 3659 336 3695; x_wconf 84' lang='lat' dir='ltr'>v.</span> <span class='ocrx_word' id='word_1_361' title='bbox 376 3642 556 3708; x_wconf 82' lang='lat' dir='ltr'>Quint.</span> <span class='ocrx_word' id='word_1_362' title='bbox 605 3641 767 3694; x_wconf 86' lang='lat' dir='ltr'><em>VIII</em></span> <span class='ocrx_word' id='word_1_363' title='bbox 800 3641 848 3707; x_wconf 88' lang='lat'>3,</span> <span class='ocrx_word' id='word_1_364' title='bbox 891 3642 973 3694; x_wconf 84' lang='lat'>79.</span> <span class='ocrx_word' id='word_1_365' title='bbox 1061 3641 1163 3706; x_wconf 78' lang='lat' dir='ltr'>Qui</span> <span class='ocrx_word' id='word_1_366' title='bbox 1209 3639 1501 3692; x_wconf 74' lang='lat' dir='ltr'>nonnullos</span> <span class='ocrx_word' id='word_1_367' title='bbox 1548 3638 1810 3708; x_wconf 84' lang='lat' dir='ltr'>retinent,</span> <span class='ocrx_word' id='word_1_368' title='bbox 1860 3657 1978 3694; x_wconf 85' lang='lat' dir='ltr'>mox</span> <span class='ocrx_word' id='word_1_369' title='bbox 2015 3657 2101 3694; x_wconf 82' lang='lat' dir='ltr'>eos</span> <span class='ocrx_word' id='word_1_370' title='bbox 2139 3641 2262 3694; x_wconf 91' lang='lat' dir='ltr'>incl.</span> 
     </span>
     <span class='ocr_line' id='line_1_41' title="bbox 69 3707 2260 3778; baseline 0.002 -18"><span class='ocrx_word' id='word_1_371' title='bbox 69 3707 109 3772; x_wconf 79' lang='lat'>4)</span> <span class='ocrx_word' id='word_1_372' title='bbox 138 3710 193 3760; x_wconf 79' lang='lat' dir='ltr'>in</span> <span class='ocrx_word' id='word_1_373' title='bbox 226 3729 334 3778; x_wconf 74' lang='lat' dir='ltr'>qua</span> <span class='ocrx_word' id='word_1_374' title='bbox 371 3729 430 3765; x_wconf 83' lang='lat' dir='ltr'>re</span> <span class='ocrx_word' id='word_1_375' title='bbox 464 3712 728 3774; x_wconf 82' lang='lat' dir='ltr'>Lambin.,</span> <span class='ocrx_word' id='word_1_376' title='bbox 771 3712 832 3762; x_wconf 74' lang='lat' dir='ltr'>in</span> <span class='ocrx_word' id='word_1_377' title='bbox 867 3727 972 3778; x_wconf 74' lang='lat' dir='ltr'>quo</span> <span class='ocrx_word' id='word_1_378' title='bbox 1007 3711 1212 3778; x_wconf 88' lang='lat' dir='ltr'>Zumpt.</span> <span class='ocrx_word' id='word_1_379' title='bbox 1376 3712 1431 3776; x_wconf 89' lang='lat'>5)</span> <span class='ocrx_word' id='word_1_380' title='bbox 1472 3709 1560 3764; x_wconf 86' lang='lat' dir='ltr'>Sic</span> <span class='ocrx_word' id='word_1_381' title='bbox 1594 3709 1841 3763; x_wconf 89' lang='lat' dir='ltr'>Lambin.</span> <span class='ocrx_word' id='word_1_382' title='bbox 1888 3712 2052 3774; x_wconf 90' lang='lat' dir='ltr'>coni.;</span> <span class='ocrx_word' id='word_1_383' title='bbox 2109 3712 2260 3764; x_wconf 91' lang='lat' dir='ltr'>codd.</span> 
     </span>
     <span class='ocr_line' id='line_1_42' title="bbox 71 3779 2259 3849; baseline 0.003 -20"><span class='ocrx_word' id='word_1_384' title='bbox 71 3779 135 3831; x_wconf 78' lang='lat' dir='ltr'>vel</span> <span class='ocrx_word' id='word_1_385' title='bbox 164 3780 433 3849; x_wconf 77' lang='lat' dir='ltr'>dispositis</span> <span class='ocrx_word' id='word_1_386' title='bbox 472 3784 557 3836; x_wconf 87' lang='lat' dir='ltr'>vel</span> <span class='ocrx_word' id='word_1_387' title='bbox 606 3781 888 3848; x_wconf 49' lang='lat' dir='ltr'>depositi&amp;</span> <span class='ocrx_word' id='word_1_388' title='bbox 938 3783 1084 3835; x_wconf 89' lang='lat' dir='ltr'>Bake</span> <span class='ocrx_word' id='word_1_389' title='bbox 1123 3785 1178 3834; x_wconf 91' lang='lat' dir='ltr'>et</span> <span class='ocrx_word' id='word_1_390' title='bbox 1214 3780 1425 3847; x_wconf 84' lang='lat' dir='ltr'>Kayser</span> <span class='ocrx_word' id='word_1_391' title='bbox 1470 3780 1729 3846; x_wconf 73' lang='lat' dir='ltr'>depositis</span> <span class='ocrx_word' id='word_1_392' title='bbox 1768 3782 1920 3836; x_wconf 76' lang='lat' dir='ltr'>uncis</span> <span class='ocrx_word' id='word_1_393' title='bbox 1957 3781 2259 3836; x_wconf 87' lang='lat' dir='ltr'>includunt.</span> 
     </span>
     <span class='ocr_line' id='line_1_43' title="bbox 70 3845 2258 3921; baseline 0.001 -18"><span class='ocrx_word' id='word_1_394' title='bbox 70 3845 109 3913; x_wconf 83' lang='grc'>6)</span> <span class='ocrx_word' id='word_1_395' title='bbox 141 3851 309 3920; x_wconf 78' lang='lat' dir='ltr'>aliqui</span> <span class='ocrx_word' id='word_1_396' title='bbox 340 3886 409 3895; x_wconf 92' lang='lat'>—</span> <span class='ocrx_word' id='word_1_397' title='bbox 445 3868 622 3909; x_wconf 77' lang='lat' dir='ltr'>novus</span> <span class='ocrx_word' id='word_1_398' title='bbox 668 3854 937 3921; x_wconf 86' lang='lat' dir='ltr'>glossema</span> <span class='ocrx_word' id='word_1_399' title='bbox 982 3851 1117 3907; x_wconf 91' lang='lat' dir='ltr'>mihi</span> <span class='ocrx_word' id='word_1_400' title='bbox 1156 3851 1395 3920; x_wconf 86' lang='lat' dir='ltr'>videtur;</span> <span class='ocrx_word' id='word_1_401' title='bbox 1445 3851 1612 3906; x_wconf 86' lang='lat' dir='ltr'>Halm</span> <span class='ocrx_word' id='word_1_402' title='bbox 1659 3851 1848 3919; x_wconf 76' lang='lat' dir='ltr'>aliquo</span> <span class='ocrx_word' id='word_1_403' title='bbox 1893 3859 2042 3908; x_wconf 77' lang='lat' dir='ltr'>motu</span> <span class='ocrx_word' id='word_1_404' title='bbox 2087 3869 2226 3906; x_wconf 78' lang='lat' dir='ltr'>novo</span> <span class='ocrx_word' id='word_1_405' title='bbox 2236 3871 2258 3918; x_wconf 90' lang='lat'><em>;</em></span> 
     </span>
    </p>
   </div>
  </div>
 </body>
</html>
