2669 4354
837 266 948 304 Pno
988 264 1216 304 Ancum
1260 264 1469 305 POETA.
2142 251 2265 306 123

76 454 222 494 manu
287 437 734 496 innumerabiles
800 438 1206 496 Armeniorum
1274 439 1469 511 copias
1535 437 1713 512 fudit3
1781 440 1979 512 populi
2023 438 2270 497 Romani

75 527 176 583 laus
230 531 357 600 est,
419 527 618 585 urbem
672 528 1072 585 amicissimam
1122 526 1534 598 Cyzicenorum
1590 526 1847 585 eiusdem
1909 528 2144 584 consilio
2200 545 2272 585 ex

75 615 202 670 omni
244 615 469 687 impetu
504 617 664 687 regio
712 620 884 688 atque
938 617 1117 673 totius
1140 607 1188 695 ¹)
1253 615 1394 673 belli
1440 631 1539 672 ore
1588 631 1657 672 ac
1701 613 1964 673 faucibus
2011 620 2272 687 ereptam

73 718 179 760 csse
224 708 400 774 atque
442 710 763 775 servatam,
818 710 1016 761 nostra
1076 720 1307 775 semper
1351 702 1575 761 feretur
1621 709 1681 761 et
1726 702 2162 775 praedicabitur
2204 703 2269 761 L.

70 790 281 848 Lucullo
342 790 686 866 dimicante,
773 809 902 848 cum
969 789 1291 848 interfectis
1360 791 1601 848 ducibus
1670 791 1947 864 depressa
2022 791 2272 849 hostium

70 879 241 936 classis
306 884 398 935 est
424 876 503 959 ²),
573 880 929 937 incredibilis
1002 878 1153 952 apud
1221 879 1523 937 Tenedum
1584 897 1779 953 pugna
1847 880 1950 936 illa
2017 880 2270 952 navalis;

68 972 240 1024 nostra
286 974 426 1025 sunt
471 973 738 1040 tropaea,
794 972 992 1025 nostra
1038 972 1442 1039 monumenta,
1499 969 1682 1024 nostri
1728 967 2019 1039 triumphi.
2111 967 2271 1037 Quae

65 1071 280 1126 quorum
341 1056 595 1128 ingeniis
658 1056 975 1113 efferuntur
998 1047 1083 1136 ⁸),
1142 1056 1215 1112 ab
1271 1056 1344 1112 iis
1388 1057 1580 1127 populi
1626 1056 1869 1114 Romani
1916 1055 2072 1113 fama
2119 1056 2272 1112 cele-

66 1143 254 1202 bratur.
381 1142 559 1201 Carus
626 1143 736 1200 fuit
780 1143 1056 1203 Africano
1123 1144 1410 1215 superiori
1479 1147 1675 1202 noster
1741 1144 2003 1215 Ennius3
2072 1145 2270 1215 itaque
2294 1143 2373 1199 22

67 1232 216 1287 etiam
260 1232 321 1288 in
375 1234 640 1303 sepulcro
683 1232 1013 1304 Scipionum
1058 1236 1298 1305 putatur
1343 1233 1392 1289 is
1441 1248 1568 1288 esse
1615 1233 1958 1290 constitutus
2006 1248 2077 1288 ex
2122 1248 2274 1288 mar-

6 1366 7 1383 ]
67 1336 229 1392 more,
278 1321 446 1377 cuius
474 1315 527 1395 4)
575 1321 840 1377 laudibus
887 1324 1044 1378 certe
1091 1336 1207 1377 non
1255 1321 1436 1377 solum
1483 1321 1639 1393 ipse,
1683 1322 1779 1392 qui
1827 1318 2122 1392 laudatur,
2169 1320 2274 1377 sed

68 1409 217 1464 etiam
285 1409 491 1481 populi
537 1408 780 1467 Romani
837 1424 1046 1465 nomon
1095 1413 1349 1465 ornatur.
1436 1409 1504 1465 In
1551 1410 1774 1466 caelum
1818 1408 1985 1464 huius
2026 1423 2271 1480 proavus

68 1495 187 1553 Cato
255 1498 512 1554 tollitur:
581 1513 823 1569 magnus
889 1497 1069 1554 honos
1136 1497 1333 1567 populi
1393 1497 1634 1553 Romani
1689 1496 1861 1554 rebus
1922 1495 2269 1569 adiungitur.
2360 1536 2366 1541 -

65 1583 251 1642 Omnes
299 1584 558 1656 denique
606 1585 688 1642 illi
733 1586 1003 1657 Maximi,
1060 1584 1357 1657 Marcelli,
1415 1584 1606 1641 Fulvii
1650 1601 1767 1642 non
1812 1585 1936 1641 sine
1986 1585 2270 1640 communi

6 1684 7 1693 ¹
64 1674 290 1729 omnium
338 1677 601 1730 nostrum
647 1674 818 1730 laude
865 1673 1225 1730 decorantur.
1317 1671 1475 1745 Ergo
1529 1673 1720 1744 illum,
1785 1673 1881 1743 qui
1926 1671 2071 1729 haec
2117 1670 2271 1729 fece·
2288 1662 2377 1729 10

66 1768 168 1832 rat,
212 1761 512 1818 Rudinum
560 1762 887 1831 hominem,
931 1761 1178 1817 maiores
1220 1761 1407 1818 nostri
1447 1761 1509 1817 in
1555 1761 1844 1817 civitatem
1891 1765 2269 1833 receperunt3

6 1854 7 1883 l
65 1864 148 1905 nos
206 1849 364 1906 hunc
427 1849 897 1921 Heracliensem,
970 1849 1162 1906 multis
1232 1848 1560 1905 civitatibus
1626 1849 1975 1920 expetitum,
2041 1849 2104 1904 in
2159 1847 2272 1904 hac

66 1943 233 1994 autem
274 1938 511 2011 legibus
557 1938 953 2009 constitutum,
1000 1936 1071 1994 de
1118 1942 1315 1994 nostra
1364 1937 1596 1994 civitate
1643 1937 1964 1994 eiciemus?

207 2026 361 2083 Nam
432 2027 482 2081 si
553 2026 682 2096 quis
750 2027 1029 2083 minorem
1097 2025 1318 2096 gloriae
1391 2025 1641 2081 fructum
1698 2028 1867 2097 putat
1913 2041 1982 2081 ex
2029 2022 2270 2081 Graecis
2293 2022 2372 2081 23

62 2113 298 2171 versibus
347 2115 575 2186 percipi
621 2130 793 2185 quam
854 2131 923 2177 ex
970 2113 1224 2186 LatiniS,
1293 2113 1668 2170 vehementer
1707 2119 1892 2180 errat,
1959 2118 2272 2185 propterea

58 2202 182 2270 quod
241 2203 478 2260 Graeca
562 2205 833 2276 leguntur
897 2205 955 2259 in
1022 2203 1283 2260 omnibus
1349 2201 1475 2258 fere
1522 2202 1819 2276 gentibus,
1893 2201 2107 2259 Latina
2153 2202 2272 2258 suis

62 2288 276 2362 finibuS,
347 2291 575 2363 exiguis
645 2308 814 2363 sane,
886 2292 1268 2348 continentur.
1384 2291 1575 2361 Quare
1640 2291 1690 2347 si
1762 2308 1856 2348 res
1922 2306 2058 2362 eae,
2129 2306 2272 2362 quas

8 2427 9 2452 ἶ
60 2379 347 2450 gessimus,
415 2379 575 2436 orbis
636 2383 831 2436 terrae
891 2378 1226 2450 regionibus
1282 2376 1660 2450 definiuntur,
1719 2394 1934 2451 cupere
1976 2378 2271 2452 debemuS,

60 2483 149 2534 quo
190 2484 468 2524 manuum
514 2471 844 2524 nostrarum
890 2467 1011 2524 tela
1054 2467 1457 2540 pervenerint,
1506 2467 1709 2525 eodem
1753 2468 1998 2538 gloriam
2030 2467 2271 2524 famam-

62 2565 151 2621 que
208 2561 559 2626 penetrare,
625 2556 775 2626 quod
822 2572 948 2611 cum
994 2557 1132 2627 ipsis
1177 2554 1440 2627 populis⁷
1503 2556 1575 2613 de
1619 2572 1862 2626 quorum
1908 2554 2082 2611 rebus
2132 2555 2273 2612 scri-

8 2649 9 2672 *
60 2639 219 2715 bitur,
263 2643 414 2700 haec
464 2643 660 2715 ampla
704 2647 868 2714 sunt,
917 2648 1037 2700 tum
1076 2644 1148 2699 iis
1192 2648 1389 2714 certe,
1438 2644 1533 2714 qui
1580 2643 1652 2701 de
1694 2644 1812 2700 vita
1843 2643 2276 2715 gloriaecausa

8 2719 11 2754 ἵ
60 2727 347 2805 dimicant,
420 2731 533 2788 boc
601 2731 910 2787 maximum
982 2736 1041 2789 et
1104 2731 1495 2804 periculorum
1562 2731 2000 2788 incitamentum
2063 2735 2154 2787 est
2214 2737 2275 2789 et

8 2883 11 2892 ,
59 2815 317 2878 laborum.
415 2819 603 2889 Quam
672 2819 882 2876 multos
950 2821 1263 2891 scriptores
1330 2835 1525 2875 rerum
1593 2835 1825 2876 suarum
1884 2834 2127 2891 magnus
2173 2819 2272 2876 ille
2293 2812 2375 2869 24

10 2899 11 2974 j
62 2905 372 2965 Alexander
440 2924 636 2964 secum
708 2905 978 2965 habuisse
1048 2907 1293 2963 dicitur!
1387 2906 1579 2978 Atque
1641 2908 1691 2964 is
1740 2913 1968 2978 tamen,
2036 2923 2167 2963 cum
2212 2908 2272 2963 in

10 2995 11 2998 ’
58 2992 206 3064 Sigeo
272 2995 349 3053 ad
388 2991 638 3052 Achillis
696 2996 977 3052 tumulum
1037 2996 1351 3068 astitisset,
1417 3015 1445 3049 o
1479 2995 1806 3069 fortunate,
1864 2995 2083 3066 inquit,
2132 2995 2271 3050 adu-

10 3091 13 3154 2
59 3078 226 3137 Ieseens
240 3129 254 3155 ,
327 3085 433 3157 qui
497 3088 625 3139 tuae
693 3084 918 3139 vastatis
968 3084 1268 3138 Homerum
1316 3102 1635 3154 praeconem
1713 3083 1983 3139 inveneris
2003 3077 2083 3161 ⁵)!
2191 3082 2268 3139 Et

10 3171 11 3202 ¹
57 3183 203 3227 vere:
248 3188 386 3228 nam
435 3172 547 3228 nisi
590 3171 728 3229 Ilias
749 3165 800 3249 6)
839 3171 939 3228 illa
987 3172 1338 3242 exstitisset,
1384 3171 1540 3228 idem
1587 3174 1868 3245 tumuluS,
1920 3173 2016 3243 qui
2059 3187 2267 3242 corpus

60 3257 161 3313 eius
248 3264 624 3332 contexerat,
702 3276 913 3317 nomen
982 3261 1157 3316 etiam
1226 3259 1532 3317 obruisset.
1650 3260 1838 3330 Quid?
1903 3265 2104 3317 noster
2169 3259 2266 3315 hic

58 3341 306 3418 Magum,
375 3348 473 3419 qni
523 3364 652 3404 cum
697 3348 913 3405 virtute
959 3347 1246 3405 fortunam
1297 3347 1669 3420 adaequavit,
1733 3364 1924 3405 nonne
1963 3348 2268 3420 Theopha-

209 3601 263 3666 1)
300 3599 442 3652 Ante
480 3597 650 3651 totius
687 3597 850 3650 Halm
895 3613 922 3649 e
959 3596 1078 3650 add.
1297 3598 1351 3663 2)
1412 3597 1605 3650 classis
1652 3604 1729 3650 est
1764 3597 2054 3665 Garatoni,
2103 3598 2265 3667 vulgo

61 3665 229 3720 classis
266 3675 330 3721 et.
546 3669 601 3737 3)
658 3668 747 3721 Sic
785 3668 1050 3731 Wunder3
1106 3666 1259 3721 codd.
1309 3668 1438 3720 haec
1472 3670 1734 3735 feruntur
1772 3669 1806 3723 i.
1848 3689 1891 3721 e.
1931 3671 2264 3735 ecferuntur.

59 3735 100 3798 4)
136 3738 218 3791 Sic
256 3741 583 3807 Mommsen,
628 3738 816 3802 Halm;
855 3743 904 3790 et
939 3739 1291 3790 marmoratis
1327 3739 1479 3792 codd.
1649 3742 1704 3807 5)
1743 3739 1912 3793 Codd.
1951 3740 2264 3804 invenera3‚

60 3808 176 3927 (ἐῆᾳᾱ
216 3811 452 3865 retinent
495 3809 656 3863 Klotz
722 3813 778 3863 et
825 3808 1205 3876 Stuerenburg.
1420 3811 1475 3878 6)
1531 3809 1679 3863 Ilias
1715 3811 2049 3879 Naugerius3
2111 3809 2262 3863 codd.

112 3894 127 3926 ι
161 3896 270 3934 ars·
