2669 4354
761 220 840 259 DE
887 221 1139 260 IMPERIO
1185 221 1279 260 on.
1325 220 1561 260 POMPEI.
2193 204 2271 263 55

99 394 268 461 garet?
364 392 490 449 Hoc
544 396 766 450 tantum
829 393 1071 467 bellum,
1139 399 1258 451 tam
1313 398 1511 467 turpe,
1571 399 1689 451 tam
1735 398 1932 468 vetuS,
1990 399 2109 452 tam
2154 396 2273 452 latc

100 478 299 536 divisum
344 484 518 551 atque
567 480 885 554 dispersum
934 482 1060 553 quis
1110 497 1380 553 umquam
1428 482 1810 539 arbitraretur
1856 487 1957 540 aut
1987 482 2059 540 ab
2091 483 2273 540 omni-

99 567 178 622 bus
216 567 650 639 imperatoribus
696 586 811 628 uno
853 585 1005 627 anno
1052 574 1154 627 aut
1183 569 1447 628 omnibus
1478 569 1644 627 annis
1672 570 1746 627 ab
1778 586 1891 627 uno
1919 571 2273 644 imperatore

99 652 262 712 confici
303 659 517 728 posse?
608 656 789 726 Quam
835 657 1186 731 provinciam
1231 658 1501 715 tenuistis
1546 674 1582 715 a
1611 657 1999 729 praedonibus
2029 659 2272 716 liberam
2294 664 2374 720 32

96 759 175 812 per
210 744 373 801 hosce
418 747 639 802 annos?
700 745 852 817 quod
896 746 1147 819 vectigal
1192 745 1354 804 vobis
1400 750 1583 803 tutum
1632 745 1780 802 fuit?
1838 764 2009 818 quem
2054 746 2273 805 socium

95 827 434 890 defendistis?
488 832 583 889 cui
643 833 935 904 praesidio
992 832 1272 892 classibus
1317 834 1525 892 vestris
1567 832 1799 891 fuistis?
1854 850 2027 906 quam
2065 836 2273 893 multas

95 919 390 978 existimatis
434 919 657 979 insulas
704 939 832 979 esse
879 921 1186 980 desertas?
1246 938 1416 994 quam
1459 922 1666 979 multas
1716 927 1817 980 aut
1849 927 2007 980 metu
2037 924 2272 981 relictas

93 1011 168 1062 aut
216 1024 248 1064 a
292 1008 684 1080 praedonibus
742 1014 940 1083 captas
1007 1010 1182 1068 urbes
1229 1026 1358 1068 esse
1404 1010 1731 1068 sociorum?
1820 1010 1934 1070 Sed
1979 1010 2114 1083 quid
2161 1028 2270 1083 ego
2289 1008 2375 1075 12

91 1095 358 1167 longinqua
403 1101 834 1156 commemoro?
921 1098 1060 1156 Fuit
1102 1098 1212 1155 hoc
1256 1097 1568 1171 quondam,
1616 1097 1723 1156 fuit
1751 1099 2044 1170 proprium
2073 1101 2272 1172 populi

90 1180 294 1241 Romani
338 1184 510 1258 longe
558 1201 594 1242 a
640 1184 808 1243 domo
844 1185 1068 1244 bellare
1117 1191 1177 1243 et
1214 1186 1663 1260 propugnaculis
1708 1186 1938 1259 imperii
1985 1188 2272 1246 sociorum

90 1268 334 1345 fortunas,
378 1282 498 1331 non
546 1290 653 1331 sua
695 1278 851 1331 tecta
896 1272 1230 1332 defendere.
1319 1274 1503 1332 Sociis
1548 1290 1658 1347 ego
1703 1275 1913 1332 nost-ris
1958 1291 2119 1333 mare
2165 1295 2273 1350 per

91 1357 167 1414 hos
189 1353 235 1436 ¹)
274 1376 451 1418 annos
501 1363 762 1419 clausum
805 1362 982 1419 fuisse
1030 1362 1250 1435 dicam,
1310 1380 1439 1420 cum
1486 1362 1774 1421 exercitus
1818 1363 1995 1420 vestri
2012 1358 2065 1443 2)
2110 1381 2271 1422 num-

91 1462 224 1517 quam
266 1464 299 1505 a
340 1449 656 1507 Brundisio
701 1450 813 1507 nisi
859 1450 1049 1507 hieme
1097 1468 1317 1508 summa
1366 1451 1835 1509 transmiserint?
1927 1452 2035 1522 Qui
2070 1452 2144 1509 ad
2174 1470 2274 1511 vos

89 1532 142 1589 ab
180 1537 379 1594 exteris
421 1538 764 1596 nationibus
808 1539 1108 1612 venirent,
1156 1544 1355 1610 captos
1399 1555 1639 1612 querar,
1687 1553 1817 1596 cum
1861 1540 2043 1613 legati
2071 1542 2273 1614 populi

87 1619 290 1682 Romani
351 1624 647 1698 redempti
714 1626 868 1683 sint?
966 1626 1392 1684 Mercatoribus
1458 1631 1646 1685 tutum
1701 1643 1861 1685 mare
1929 1645 2045 1685 non
2096 1628 2272 1688 fuisse

88 1708 264 1785 dicam,
321 1729 450 1771 011111
514 1713 820 1772 duodecim
879 1730 1117 1773 secures
1161 1716 1224 1772 in
1266 1713 1624 1787 praedonum
1667 1719 2018 1788 potestatem
2061 1734 2272 1790 perve-

88 1798 281 1856 nerint?
367 1801 621 1860 Gnidum
662 1809 762 1860 aut
793 1802 1181 1874 Colophonem
1216 1808 1316 1860 aut
1352 1801 1615 1876 Samum,
1665 1803 2051 1861 nobilissimas
2081 1805 2272 1879 urbes,
2294 1806 2374 1863 33

87 1884 610 1963 innumerabilesque
681 1891 827 1948 alias
885 1896 1082 1962 captas
1145 1907 1271 1948 esse
1336 1907 1808 1965 commemorem,
1877 1908 2005 1948 cum
2049 1897 2273 1950 vestros

87 1979 244 2042 portus
288 1983 460 2050 atquc
512 1994 614 2035 003
645 1985 860 2050 11011113,
907 1978 1112 2050 quibus
1144 1979 1320 2036 vitam
1352 1983 1413 2037 et
1442 1979 1706 2049 spiritum
1735 1978 1964 2053 ducitiS,
2011 1981 2071 2037 in
2102 1997 2272 2052 prae-

89 2060 254 2120 donum
296 2065 478 2124 fuisse
531 2071 824 2139 potestate
863 2066 1104 2124 sciatis?
1169 2066 1261 2124 An
1290 2082 1430 2124 vero
1463 2068 1742 2140 ignoratis
1769 2073 1996 2140 portum
2030 2066 2269 2127 Caietae

90 2149 481 2213 celeberrimum
531 2170 600 2212 ac
646 2154 1041 2227 plenissimum
1073 2156 1304 2213 navium
1336 2155 1698 2228 inspectante
1729 2162 2002 2231 praetore
2036 2175 2071 2217 a
2099 2175 2269 2231 prae-

90 2237 285 2299 donibus
329 2260 459 2301 esse
511 2242 834 2317 direptum,
877 2259 948 2300 ex
986 2244 1215 2302 Miseno
1262 2249 1456 2301 autem
1506 2245 1630 2302 eius
1666 2246 1847 2318 ipsius
1891 2245 2130 2321 liberOS,
2170 2248 2268 2319 qui

90 2341 185 2383 cum
223 2330 616 2402 praedonibus
662 2338 839 2390 antea
895 2332 976 2388 ibi
1021 2332 1233 2390 bellum
1280 2337 1570 2406 gesserat,
1628 2349 1663 2391 a
1705 2333 2091 2406 praedonibus
2137 2352 2265 2393 esse

88 2414 338 2476 sublatos?
440 2415 595 2480 Nam
657 2420 798 2492 quid
868 2435 977 2492 ego
1041 2420 1305 2478 Ostiense
1375 2421 1792 2479 incommodum
1860 2428 2033 2495 atque
2106 2424 2267 2480 illam

88 2500 236 2561 labem
275 2512 447 2580 atque
512 2508 883 2582 ignominiam
927 2508 1014 2565 rei
1060 2508 1326 2582 publicae
1375 2525 1611 2583 querar,
1675 2526 1804 2567 cum
1847 2527 2028 2584 prope
2073 2512 2266 2584 inspe-

89 2593 332 2652 ctantibus
375 2597 543 2654 vobis
585 2596 786 2654 classis
835 2611 933 2669 ea,
996 2597 1086 2653 cui
1127 2598 1325 2654 consul
1370 2598 1570 2671 populi
1613 2597 1856 2657 Romani
1900 2600 2266 2673 praepositus

89 2686 234 2754 esset,
287 2700 321 2741 a
363 2683 762 2756 praedonibus
808 2689 978 2755 capta
1023 2689 1200 2757 atque
1247 2701 1523 2756 oppressa
1568 2688 1693 2743 est?
1781 2687 1893 2744 Pro
1932 2687 1992 2745 di
2036 2688 2267 2745 immor—

87 2766 220 2825 tales!
271 2776 574 2829 tantamne
638 2771 806 2829 unius
864 2772 1113 2830 hominis
1167 2771 1526 2831 incredibilis
1570 2790 1640 2832 ac
1685 2774 1881 2833 divina
1925 2776 2104 2833 virtus
2149 2780 2267 2834 tam

87 2852 214 2913 brevi
273 2864 538 2934 tempore
599 2861 785 2918 lucem
841 2858 1071 2919 adferre
1127 2861 1217 2919 rei
1275 2860 1546 2932 publicae
1600 2861 1816 2935 potuit,
1869 2868 1932 2921 ut
1975 2880 2101 2937 VOS,
2165 2865 2266 2935 qui

86 2943 218 3001 modo
257 2955 390 3007 ante
438 2948 653 3007 ostium
698 2948 1036 3006 Tiberinum
1082 2950 1325 3007 classem
1370 2949 1623 3009 hostium
1667 2948 1981 3025 videbatis,
2035 2968 2189 3008 nunc
2213 2947 2266 3032 3)

86 3032 262 3091 nullam
315 3037 472 3095 intra
533 3036 751 3095 Oceani
822 3037 1030 3094 ostium
1080 3036 1439 3108 praedonum
1506 3055 1709 3097 navem
1779 3055 1906 3097 esse
1973 3039 2266 3099 audiatis?

84 3115 238 3190 Atque
293 3125 439 3183 haec
499 3141 615 3197 qua
669 3126 971 3184 celeritate
1011 3130 1175 3198 gesta
1223 3126 1341 3182 sint
1383 3127 1726 3199 quamquam
1773 3126 2014 3202 videtis,
2070 3131 2265 3186 tamen
2286 3125 2367 3182 34

86 3219 111 3259 a
160 3225 239 3265 me
291 3213 351 3270 in
411 3213 660 3271 dicendo
717 3213 1148 3287 praetereunda
1207 3230 1322 3270 non
1376 3220 1525 3273 sunt.
1616 3215 1754 3286 Quis
1804 3215 1956 3273 enim
1998 3233 2265 3287 umquam

85 3299 160 3349 aut
206 3298 446 3359 obeundi
504 3302 723 3374 negotii
788 3314 890 3359 aut
944 3301 1332 3373 consequendi
1394 3307 1669 3374 quaestus
1708 3303 1895 3362 studio
1940 3310 2056 3362 tam
2104 3305 2265 3364 brevi

85 3384 306 3456 tempore
365 3395 454 3448 tot
513 3390 643 3447 loca
698 3389 894 3462 adire,
969 3394 1161 3447 tantos
1213 3407 1413 3447 cursus
1469 3389 1751 3449 conficere
1807 3394 2029 3466 potuit,
2094 3411 2264 3465 quam

84 3469 317 3533 celeriter
376 3478 484 3536 Gn.
555 3477 826 3552 Pompeio
874 3477 1018 3535 duce
1087 3479 1235 3535 tanti
1278 3478 1419 3536 belli
1470 3480 1719 3550 impetus
1766 3481 2093 3552 navigavit?
2168 3485 2265 3555 qui

85 3560 300 3620 nondum
339 3566 686 3639 tempestivo
733 3565 805 3623 ad
852 3564 1238 3638 navigandum
1282 3567 1429 3624 mari
1475 3566 1731 3626 Siciliam
1777 3568 1951 3643 adiit,
2008 3569 2265 3628 Africam

228 3765 278 3830 1)
315 3765 406 3818 hos
444 3765 557 3820 Erf.
614 3765 767 3817 hosce
801 3764 954 3819 codd.
988 3764 1150 3830 dett.;
1187 3766 1368 3821 Halm.
1518 3769 1571 3835 2)
1605 3769 1781 3823 nostri
1816 3768 1963 3822 codd.
2002 3771 2265 3824 nonnulli.

87 3827 126 3892 3)
156 3834 299 3902 vulgo
331 3852 391 3889 ex
428 3837 594 3890 deter.
637 3835 793 3890 libris
829 3835 874 3888 ii
910 3852 1073 3889 mone.
