2669 4354
398 246 522 301 146
1397 257 1618 299 ORATIO

290 527 374 584 44
392 526 458 578 ut
506 520 780 578 honorem
837 519 1176 592 desperasse
1233 518 1519 575 videatur.
1631 504 1789 587 Quid
1844 521 2022 590 ergo?
2099 524 2398 590 acceptam
2459 519 2605 575 iniu-

391 609 538 666 riam
580 608 856 681 persequi
900 623 1014 664 non
1056 608 1292 678 placet?
1381 607 1560 663 Immo
1605 607 1983 664 vehementer
2026 608 2252 680 placet,
2298 606 2404 664 sed
2448 606 2606 664 aliud

391 703 620 769 tempus
665 700 754 752 est
806 694 1069 768 petendi,
1131 693 1290 751 aliud
1344 693 1751 766 persequendi.
1861 694 2177 752 Petitorem
2238 711 2376 767 ego,
2437 711 2605 767 prae·
2667 738 2668 745 κ

393 784 593 842 sertim
638 783 998 855 consulatue,
1059 798 1268 854 magna
1314 798 1415 853 spe
1436 827 1450 854 ‚
1515 798 1722 853 magno
1768 782 1990 855 anime,
2052 784 2277 855 magnis
2326 783 2504 854 copiis
2550 788 2606 839 et

392 873 453 928 in
492 869 680 928 forum
725 876 783 929 et
826 871 887 927 in
933 886 1195 941 campum
1254 868 1462 927 deduci
1513 870 1668 941 volo;
1721 885 1837 926 non
1881 871 2075 942 placet
2120 871 2259 927 mihi
2316 870 2603 942 inquisitio

394 959 720 1031 candidati,
766 959 1117 1030 praenuntia
1161 958 1462 1029 repulsae,
1508 973 1622 1013 non
1668 959 1900 1014 testium
1947 959 2139 1028 potius
2186 975 2360 1030 quam
2410 957 2603 1015 suffra-

395 1052 659 1120 gatorum
718 1047 1102 1119 comparatio,
1179 1061 1293 1101 non
1355 1045 1546 1101 minae
1609 1044 1791 1116 magis
1845 1061 2016 1116 quam
2077 1045 2425 1117 blanditiae,
2499 1063 2604 1103 non

395 1134 737 1192 declamatio
756 1128 807 1211 1)
850 1134 1042 1206 potius
1088 1149 1258 1205 quam
1305 1133 1713 1205 persalutatio,
1768 1134 2114 1205 praesertim
2161 1150 2292 1190 cum
2339 1134 2452 1190 iam
2503 1134 2603 1190 hoc

395 1238 541 1280 novo
597 1239 753 1279 more
817 1238 1015 1279 omnes
1071 1221 1196 1278 fere
1255 1220 1451 1277 domos
1504 1220 1756 1276 omnium
1820 1226 2168 1277 concursent
2226 1227 2289 1277 et
2337 1238 2408 1278 ex
2452 1222 2604 1278 voltu

395 1308 832 1367 candidatorum
896 1310 1288 1367 coniecturam
1350 1306 1601 1380 faciant,
1670 1313 1950 1380 quantum
2011 1309 2257 1380 quisque
2323 1309 2498 1365 animi
2551 1314 2604 1366 et

293 1404 374 1461 45
395 1397 689 1455 facultatis
746 1395 965 1455 habere
1008 1396 1290 1454 videatur.
1402 1394 1682 1453 ‘Videsne
1739 1401 1804 1452 tu
1859 1396 2021 1452 illum
2085 1397 2347 1469 tristem,
2408 1395 2604 1454 demis-

397 1487 566 1541 sum?
610 1486 796 1557 iacet,
842 1482 1077 1558 diffidit,
1126 1484 1341 1541 abiecit
1383 1478 1617 1540 hastas?
1705 1484 1898 1554 serpit
1941 1484 2038 1540 hic
2083 1500 2308 1541 rumor:
2371 1482 2507 1541 ‘scis
2545 1490 2603 1540 tu

395 1574 558 1629 illum
614 1573 1041 1630 accusationem
1074 1572 1389 1644 ·cogitare,
1456 1571 1752 1643 inquirere
1810 1571 1871 1627 in
1917 1573 2329 1644 competitores
2350 1616 2365 1644 ,
2434 1576 2604 1629 testes

394 1663 722 1732 quaerere?
776 1661 953 1718 alium
991 1659 1199 1716 faciam
1220 1705 1234 1732 ,
1289 1659 1560 1730 quoniam
1601 1658 1712 1715 sibi
1759 1659 1852 1715 hic
1897 1660 2021 1731 ipse
2069 1656 2378 1731 desperat?
2467 1660 2604 1716 Eius

394 1747 549 1806 modi
604 1748 675 1806 de
723 1748 1025 1806 candidato
1070 1762 1301 1804 rumore
1329 1741 1382 1826 2)
1458 1747 1626 1803 amici
1686 1746 1877 1804 intimi
1939 1746 2349 1819 debilitantur,
2422 1747 2602 1805 studia

395 1836 724 1909 deponunt,
776 1842 878 1893 aut
924 1841 1104 1893 totam
1157 1850 1281 1892 rem
1301 1830 1352 1910 3)
1399 1833 1660 1891 abiciunt
1704 1839 1805 1891 aut
1851 1850 2013 1891 suam
2062 1851 2299 1906 operam
2363 1841 2425 1892 et
2485 1853 2601 1909 gra-

285 1927 376 1995 22
394 1925 535 1982 tiam
580 1924 796 1981 iudicio
841 1929 899 1981 et
937 1923 1287 1982 accusationi
1331 1927 1650 1979 reservant.
1756 1921 2001 1979 Accedit
2046 1923 2274 1995 eodem,
2330 1928 2400 1981 ut
2440 1925 2602 1981 etiam

395 2013 519 2084 ipse
578 2010 919 2068 candidatus
979 2016 1161 2068 totum
1218 2011 1469 2067 animum
1540 2014 1714 2081 atque
1783 2027 2011 2067 omnem
2080 2027 2305 2083 curam,
2384 2028 2600 2083 operam

396 2099 867 2173 diligentiamque
915 2116 1078 2156 suam
1123 2098 1182 2154 in
1227 2098 1510 2170 petitione
1559 2114 1674 2154 non
1733 2099 1913 2170 possit
1970 2115 2212 2171 ponere,
2277 2099 2601 2171 adiungitur

399 2190 550 2245 enim
591 2187 971 2245 accusationis
1003 2187 1307 2259 cogitatiO,
1357 2202 1473 2243 non
1519 2203 1699 2257 parva
1730 2203 1853 2260 reS,
1902 2187 2002 2244 sed
2050 2188 2321 2244 nimirum
2364 2190 2599 2246 omnium

395 2275 660 2332 maxima.
786 2275 1061 2347 Magnum
1117 2280 1204 2332 est
1261 2275 1417 2331 enim
1469 2279 1528 2331 te
1590 2290 1928 2346 comparare
1994 2291 2089 2347 ea,
2166 2276 2375 2347 quibus
2432 2277 2598 2348 possis

395 2362 685 2420 hominem
748 2379 781 2419 e
839 2363 1100 2435 civitate,
1164 2362 1507 2434 praesertim
1576 2378 1690 2418 non
1757 2363 1990 2435 inopem
2058 2380 2243 2435 neque
2307 2363 2599 2432 infirmum,

396 2448 736 2523 exturbare,
783 2451 879 2523 qui
927 2455 987 2507 et
1028 2467 1135 2523 per
1182 2467 1244 2507 se
1292 2455 1354 2508 et
1398 2467 1505 2522 per
1548 2465 1679 2505 suos
1727 2455 1786 2506 et
1830 2467 1966 2508 vero
2012 2451 2187 2508 etiam
2233 2468 2345 2523 per
2392 2453 2599 2509 alienos

395 2537 764 2610 defendatur,
805 2554 1001 2595 omnes
1043 2538 1196 2596 enim
1235 2537 1309 2595 ad
1347 2538 1608 2610 pericula
1652 2537 2040 2608 propulsanda
2084 2540 2506 2612 concurrimuS,
2552 2544 2599 2595 et

394 2626 491 2698 qui
536 2642 648 2683 non
692 2631 893 2698 aperte
939 2626 1154 2684 inimici
1201 2642 1429 2697 sumus,
1477 2626 1650 2682 etiam
1697 2626 2065 2683 alienissimis
2107 2626 2169 2682 in
2201 2628 2413 2724 capitis
2457 2627 2596 2700 peri—

290 2722 372 2780 46
395 2714 540 2770 culis
595 2714 1063 2771 amicissimorum
1129 2711 1319 2771 officia
1377 2718 1439 2770 et
1498 2712 1688 2769 studia
1748 2717 2126 2783 praestamus
2248 2691 2444 2783 Quare
2505 2731 2597 2788 ego

395 2806 670 2874 expertus
731 2807 790 2860 et
840 2800 1079 2875 petendi
1138 2808 1198 2858 et
1253 2799 1605 2858 defendendi
1664 2805 1722 2857 et
1784 2800 2088 2858 accusandi
2144 2802 2474 2860 molestiam
2530 2803 2596 2858 sic

394 2889 681 2948 intellexi:
756 2890 816 2946 in
861 2888 1112 2961 petendo
1169 2888 1419 2946 studium
1481 2903 1611 2946 esse
1669 2888 2052 2962 acerrimum,
2128 2889 2189 2945 in
2247 2889 2595 2949 defendendo

393 2974 674 3051 officium,
729 2978 789 3034 in
844 2976 1171 3034 accusando
1216 2976 1491 3033 laborem.
1583 2976 1787 3047 Itaque
1849 2975 1932 3032 sic
1990 2982 2211 3049 statuo,
2271 2975 2403 3035 fieri
2458 2979 2595 3035 nullo

391 3066 558 3123 modo
598 3081 796 3138 posse,
863 3071 927 3122 ut
971 3063 1127 3122 idem
1173 3065 1600 3121 accusationem
1646 3069 1707 3120 et
1750 3064 2092 3135 petitionem
2155 3061 2529 3141 [consulatus]
2550 3059 2594 3141 ⁴)

393 3152 703 3225 diligenter
747 3152 991 3210 adornet
1036 3157 1206 3224 atque
1252 3153 1534 3223 instruat3
1582 3168 1758 3208 unum
1807 3153 2092 3211 sustinere
2139 3154 2312 3224 pauci
2360 3157 2593 3226 possunt,

391 3245 693 3313 utrumque
738 3257 925 3298 nemo,
1015 3239 1132 3314 Tu,
1181 3257 1308 3297 cum
1341 3235 1443 3316 [te]
1467 3233 1518 3316 5)
1550 3239 1622 3296 de
1670 3241 1955 3298 curriculo
2000 3241 2300 3313 petitionis
2350 3240 2593 3299 deflexis-

393 3346 486 3386 ses
531 3329 892 3402 animumque
938 3328 1012 3385 ad
1070 3327 1452 3385 accusandum
1498 3328 1922 3402 transtulisseS,
1983 3329 2032 3386 si
2058 3322 2110 3409 6)
2159 3329 2501 3388 existimasti
2544 3332 2591 3382 te

390 433 578 505 ribus,
654 433 999 503 simulatque
1060 429 1402 488 candidatus
1462 431 1890 515 accusationem
1947 429 2215 488 meditari
2291 431 2450 488 visus
2502 436 2608 503 est,

534 3579 587 3645 1)
625 3577 965 3632 denuntiatio
1006 3577 1153 3631 Bake
1190 3577 1327 3631 coni.
1539 3577 1593 3643 2)
1635 3576 1723 3631 Sic
1758 3576 1892 3646 Jeep
1930 3578 2094 3639 coni.;
2141 3578 2295 3631 codd.
2345 3572 2586 3631 eiusmodi

393 3646 830 3701 candidatorum.
1045 3651 1099 3715 3)
1152 3648 1240 3700 Sic
1282 3647 1535 3701 Lambin:
1587 3647 1736 3700 codd.
1799 3652 1897 3698 aut
1944 3652 2140 3700 testam
2191 3664 2319 3703 rem.
2403 3648 2504 3702 Alii
2536 3648 2584 3695 ut

393 3718 684 3785 desertam,
726 3716 1063 3784 desperatam
1101 3735 1245 3783 rem‚·
1280 3719 1491 3785 Kayser
1527 3718 1827 3770 molestiam
1863 3734 2087 3770 omnem.
2194 3719 2250 3786 4)
2289 3719 2585 3772 consu-latus

391 3789 530 3842 Boot
569 3790 623 3841 et
658 3788 852 3842 Rinkes
887 3789 1074 3842 inclus.
1236 3789 1291 3856 5)
1329 3793 1379 3839 te
1412 3789 1636 3842 inclusit
1668 3789 1825 3842 Boot.
1977 3789 2031 3854 6)
2070 3788 2119 3839 si
2158 3788 2308 3842 deest
2345 3790 2401 3842 in
2437 3785 2586 3848 codd,

391 3859 511 3914 add.
548 3859 813 3924 Wunder3
861 3859 1185 3913 emistimans
1219 3865 1270 3913 te
1306 3858 1463 3912 Boot.
