2669 4354
454 248 533 303 27
541 244 577 300 8
1445 258 1667 301 omni-10

448 434 586 507 quid
645 434 965 507 existimeS,
1032 433 1302 491 lacrimas
1373 434 1814 504 squaloremque
1872 432 2052 504 ipsius
2114 437 2176 489 et
2240 428 2343 488 filii
2398 429 2539 487 vides
2564 424 2648 506 ¹).¹

345 532 427 591 33
449 523 599 594 Quid
637 522 711 581 de
756 520 1033 580 fratribus
1077 522 1265 579 dicam
1283 523 1311 576 ⁴?
1401 520 1563 593 Noli,
1607 519 1872 592 Caesar,-
1896 526 2102 593 putare
2134 519 2207 577 de
2259 519 2422 576 unius
2463 518 2618 590 capite

448 626 552 668 nos
598 625 804 683 agere:
872 616 972 667 aut
1015 614 1137 667 tres
1195 608 1302 666 tibi
1349 608 1569 681 Ligarii
1630 607 1919 666 retinendi
1980 608 2039 664 in
2086 607 2324 665 civitate
2384 611 2505 664 sunt
2544 611 2622 663 aut-

447 705 570 756 tres
617 714 689 756 ex
733 698 971 755 civitate
1017 696 1458 755 exterminandi.
1568 696 1716 753 Nam
1743 691 1795 776 ²)
1842 695 2078 768 quodvis
2126 695 2392 753 exsilium
2434 694 2516 751 his
2555 697 2623 751 est

447 786 703 860 optatius
748 795 919 857 quam
961 785 1154 856 patria
1173 827 1188 856 ,
1235 800 1407 855 quam
1454 783 1677 853 domm,
1735 800 1907 856 quam
1952 782 2034 840 dii
2069 788 2317 855 penates
2335 828 2350 856 ,
2404 799 2509 840 uno
2545 782 2623 838 illo

449 875 765 931 exsulante.
855 872 916 931 Si
953 872 1211 930 fraterne
1229 915 1244 944 ,
1291 872 1341 928 si
1384 872 1509 944 pie,
1570 871 1618 928 si
1664 887 1792 929 cum
1839 870 2036 929 dolore
2061 865 2116 949 3)
2162 871 2412 943 faciunt,
2468 885 2648 944 move-¹

448 966 550 1018 ant
615 965 675 1018 te
743 961 946 1017 horum
1010 961 1312 1030 lacrimae,
1388 965 1617 1017 moveat
1686 960 1906 1032 pietas,
1987 965 2216 1016 moveat
2283 959 2626 1032 germanitas3

448 1050 641 1105 valeat
680 1053 784 1105 tua
826 1063 935 1105 vox
979 1048 1109 1121 illa,
1166 1062 1316 1118 quae
1366 1046 1530 1103 vicit:
1589 1052 1648 1104 te
1694 1048 1849 1105 enim
1894 1046 2089 1104 dicere
2139 1046 2507 1105 audiebamus
2545 1061 2625 1102 nos

448 1152 647 1194 omnes
691 1134 1054 1193 adversarios
1099 1140 1308 1207 putare
1327 1179 1342 1207 ,
1407 1135 1521 1190 nisi
1564 1135 1662 1206 qui
1705 1134 2001 1192 nobiscum
2053 1140 2279 1207 essent,
2341 1140 2402 1191 te
2450 1127 2648 1203 omneS„

449 1224 548 1296 qui
593 1228 795 1281 contra
838 1229 898 1281 te
945 1238 1057 1280 non
1107 1226 1332 1294 essent,
1395 1226 1541 1279 tuos
1632 1221 1888 1279 Videsne
1949 1223 2129 1295 igitur
2188 1221 2344 1279 hunc
2400 1220 2629 1294 splendo-

448 1326 574 1368 rem
591 1305 645 1390 4)
713 1311 961 1367 omnium
980 1355 996 1384 ,
1069 1311 1220 1367 hanc
1263 1308 1654 1366 Brocchorum
1714 1308 1941 1367 domum
1958 1355 1973 1383 ,
2044 1311 2194 1368 hunc
2248 1309 2314 1366 L.
2362 1305 2648 1379 Marcium}

451 1396 513 1456 C.
561 1396 920 1471 Caesetium,
988 1397 1054 1455 L.
1098 1394 1442 1470 Corfidium,
1510 1397 1613 1455 hos
1658 1413 1856 1454 omnes
1902 1398 2125 1469 equites
2174 1396 2468 1455 Romanos
2485 1444 2500 1471 ,
2557 1397 2648 1470 qui1

451 1485 658 1543 adsunt
699 1481 862 1543 veste
904 1490 1151 1557 mutata,
1200 1501 1316 1542 non
1363 1486 1543 1541 solum
1589 1490 1757 1543 notos
1802 1485 1939 1559 tibi,
1992 1502 2191 1543 verum
2235 1486 2417 1543 etiam
2461 1485 2648 1558 proba-2

449 1579 542 1632 tos
595 1574 772 1647 vitoe,
848 1574 946 1646 qui
1005 1578 1198 1631 tecum
1256 1570 1535 1630 fuerunt?
1651 1573 1841 1645 Atque
1899 1574 1991 1630 his
2057 1572 2483 1647 irascebamur,
2554 1561 2648 1646 bos}

448 1661 909 1734 requirebamuS,
985 1660 1074 1718 his
1138 1676 1254 1717 non
1319 1661 1465 1717 nulli
1534 1662 1712 1718 etiam
1778 1661 2140 1719 minabamur
2162 1655 2229 1739 5).
2376 1660 2648 1728 Conserva}

450 1750 627 1822 igitur
670 1748 786 1807 tuis
831 1764 994 1821 suos,
1054 1752 1148 1821 ut,
1215 1764 1388 1819 quem
1433 1747 1507 1805 ad
1558 1748 1785 1806 modum
1837 1754 2063 1822 cetera,
2130 1764 2277 1821 quae
2325 1748 2486 1807 dicta
2531 1753 2633 1804 sunt

345 1842 487 1910 12a
528 1842 624 1910 te,
669 1837 752 1893 sic
800 1837 910 1894 hoc
954 1836 1312 1893 verissimum
1351 1836 1695 1907 reperiatur.
1788 1836 2002 1907 Quodsi
2045 1837 2279 1909 penitus
2324 1837 2648 1918 perspicere}

348 1937 431 1994 34
448 1940 648 1999 posses
708 1924 1074 1982 concordiam
1125 1923 1523 1997 Ligariorum,
1600 1939 1796 1981 omnes
1852 1922 2064 1982 fratres
2127 1929 2319 1981 tecum
2381 1925 2635 1983 iudicares

449 2011 645 2071 fuisse.
744 2011 836 2069 An
894 2015 1090 2085 potest
1146 2012 1446 2083 quisquam
1502 2011 1765 2069 dubitare
1821 2013 1993 2086 quin,
2060 2012 2107 2069 si
2168 2011 2228 2082 Q.
2280 2012 2545 2087 Ligarius
2589 2012 2648 2066 in

450 2100 623 2158 Italia
668 2116 797 2158 esse
857 2100 1172 2172 potuisset,
1239 2101 1299 2157 in
1364 2097 1567 2156 eadem
1625 2101 1916 2158 sententia
1971 2097 2149 2157 fuerit
2168 2092 2218 2177 6)
2278 2100 2534 2173 futuruS,
2590 2100 2648 2155 in

450 2204 564 2260 qua
608 2186 820 2246 fratres
865 2187 1143 2246 fuerunt?
1249 2187 1387 2257 Quis
1435 2194 1553 2257 est,
1615 2189 1711 2260 qui
1768 2189 1974 2246 horum
2035 2203 2382 2247 consensum
2447 2188 2648 2259 conspiae

449 2281 678 2334 rantem
738 2281 800 2334 et
847 2293 1034 2349 paene
1096 2275 1402 2334 conflatum
1457 2277 1517 2331 in
1574 2277 1683 2334 hac
1737 2291 1916 2349 prope
1983 2276 2343 2349 aequalitate
2412 2277 2636 2335 fraterna

449 2365 704 2437 noverit,
768 2365 864 2436 qui
890 2359 942 2444 ⁷)
996 2364 1104 2421 hoc
1159 2380 1276 2421 non
1333 2363 1581 2436 sentiat,
1648 2364 1873 2436 quidvis
1934 2365 2093 2438 prius
2148 2363 2413 2423 futurum
2471 2363 2648 2431 fuisse,

450 2466 621 2523 quam
665 2457 731 2509 ut
773 2452 834 2509 hi
878 2449 1088 2509 fratres
1133 2451 1393 2509 diversas
1442 2453 1760 2510 sententias
1810 2450 2182 2524 fortunasque
2235 2451 2648 2527 sequerentur?

451 2538 762 2598 Voluntate
821 2540 996 2613 igitur
1040 2554 1240 2597 omnes
1284 2543 1477 2596 tecum
1537 2536 1797 2613 fuerunt,
1855 2543 2202 2613 tempestate
2251 2541 2531 2615 abreptus
2570 2545 2648 2597 est.¹

450 2643 630 2701 unus,
674 2628 805 2701 qui,
870 2628 920 2685 si
961 2627 1198 2685 consilio
1243 2625 1304 2683 id
1348 2624 1615 2700 fecisset,
1677 2632 1833 2685 esset
1878 2644 2077 2686 eorum
2121 2628 2359 2702 similis,
2422 2645 2553 2702 quos
2591 2618 2648 2681 tul

347 2727 427 2786 35
448 2720 644 2774 tamen
700 2717 888 2772 salvos
950 2731 1077 2773 esse
1139 2714 1387 2771 voluisti.
1490 2714 1606 2772 Sed
1665 2715 1804 2772 ierit
1862 2715 1936 2772 ad
1994 2716 2241 2789 bellum,
2319 2708 2648 2775 dissenserit}

448 2820 564 2861 non
619 2820 655 2860 a
709 2809 769 2860 te
830 2804 1038 2875 solum,
1113 2818 1314 2860 verum
1384 2802 1560 2859 etiam
1631 2818 1667 2860 a
1730 2802 2029 2861 fratribus:
2101 2803 2163 2860 hi
2222 2809 2283 2862 te
2349 2810 2522 2862 orant
2560 2802 2641 2859 tui.

446 2890 760 2963 Equidem,
807 2907 934 2947 cum
978 2890 1092 2947 tuis
1123 2889 1387 2946 omnibus
1431 2890 1678 2962 negotiis
1723 2891 2099 2965 interessem,
2145 2893 2431 2949 memoria
2475 2898 2642 2959 tenea

444 2979 628 3051 qualis
674 2978 736 3038 T.
782 2978 1046 3050 Ligarius
1090 2982 1366 3049 quaestor
1407 2977 1661 3036 urbanus
1706 2977 1882 3036 fuerit
1925 2994 2066 3051 erga
2108 2984 2169 3036 te
2216 2985 2276 3036 et
2320 2974 2648 3052 dignitatem}

443 3073 619 3125 tuam.
708 3065 821 3126 Sed
872 3081 1076 3138 parum
1122 3070 1212 3122 est
1257 3080 1351 3122 me
1396 3066 1507 3123 hoc
1553 3066 1906 3124 meminisse:
1969 3082 2137 3139 spero
2185 3067 2365 3125 etiam
2413 3074 2509 3142 te,
2567 3066 2648 3138 qui

443 3154 701 3212 oblivisci
745 3154 887 3210 nihil
929 3154 1080 3211 soles
1123 3153 1235 3210 nisi
1280 3152 1557 3225 iniuriaS,
1619 3155 1884 3226 quoniam
1944 3154 2051 3213 hoc
2106 3161 2197 3213 est
2253 3156 2465 3229 animi,
2525 3172 2648 3227 quo-¹

441 3243 598 3300 niam
644 3242 821 3300 etiam
863 3241 1084 3314 ingenii
1130 3241 1243 3315 tui,
1304 3246 1366 3298 te
1410 3240 1627 3313 aliquid
1672 3242 1745 3299 de
1802 3242 1967 3300 huius
2012 3242 2109 3300 illo
2156 3245 2495 3315 quaestorio
2539 3240 2648 3299 offi*

583 3442 634 3507 1)
674 3439 892 3493 Richter
926 3438 1071 3504 vide,
1122 3439 1266 3508 quod
1309 3437 1586 3508 praecedit
1631 3439 2019 3494 animadverte.
2233 3441 2287 3507 2)
2337 3458 2480 3495 nam
2511 3439 2643 3496 uncis

440 3510 566 3563 incl.
606 3509 838 3578 Kayser,
879 3510 1018 3578 quod
1058 3509 1210 3564 deest
1244 3511 1301 3562 in
1338 3510 1587 3564 Ambros.
1631 3514 1688 3565 et
1722 3511 1843 3566 aliis
1882 3511 2218 3580 quibusdam.
2426 3515 2483 3579 3)
2518 3514 2648 3573 iusto]

417 3595 564 3662 ‚cum
601 3579 781 3633 dolore
814 3551 1148 3634 Doederlein
1291 3581 1349 3647 4)
1387 3580 1604 3633 Richter
1642 3582 1780 3635 coni.
1815 3583 2138 3648 squalorem.
2285 3585 2338 3650 5)
2383 3582 2476 3636 Sic
2510 3580 2639 3635 codd.

439 3651 624 3719 optim.
690 3653 746 3702 et
800 3648 1070 3704 Patricius
1129 3651 1293 3715 coni.;
1365 3651 1531 3703 ceteri
1585 3651 1966 3720 minabantur,
2033 3653 2171 3720 quod
2231 3654 2440 3722 recepit
2481 3653 2641 3705 Halm.

433 3720 496 3786 6)
554 3720 751 3786 fuisset
785 3720 935 3774 codd.
986 3724 1094 3789 opt.
1293 3722 1348 3787 ’7)
1407 3722 1639 3787 noverit,
1686 3723 1780 3790 qai
1817 3723 2026 3776 Theod.
2048 3723 2299 3792 Hansing
2349 3725 2512 3787 coni.‚
2553 3737 2641 3775 rec.

437 3789 628 3858 Halm,
674 3789 794 3854 alii3
845 3790 994 3844 codd.
1032 3807 1147 3844 non
1195 3789 1447 3845 noverit?
1483 3792 1594 3858 qai.
1667 3793 1889 3846 Richter
1925 3794 2153 3847 coniecit
2184 3795 2441 3861 fraterni
2484 3789 2644 3845 animi

438 3833 659 3913 nmerfft.
