2669 4354
728 237 840 275 Pno
881 236 1005 276 snx.
1051 236 1258 276 Rosom
1302 237 1596 276 AMEmNO.
2189 223 2266 279 31

79 408 359 482 haberent,
427 424 626 466 omnes
695 425 793 467 eos
849 411 1042 467 colere
1101 414 1274 481 atque
1330 410 1638 467 observare
1695 410 2044 469 destiterunt
2095 428 2163 469 ac
2209 429 2271 469 se

82 498 131 554 in
170 496 512 569 Chrysogoni
578 494 749 556 fidem
816 503 875 555 et
938 497 1271 555 clientelam
1338 499 1719 555 contulerunt.
1816 500 1980 557 Haec
2042 516 2272 573 possum
2298 507 2417 565 107

83 586 249 644 omnia
295 600 431 644 vere
489 585 713 658 dicere,
777 584 881 643 sed
937 586 999 642 in
1041 586 1151 642 hac
1197 601 1373 643 causa
1418 587 1752 644 coniectura
1796 587 1939 644 nihil
1984 603 2123 659 opus
2169 592 2273 645 est.

82 673 220 745 Ipsos
275 677 433 732 certo
492 673 611 730 scio
671 690 788 730 non
832 689 1050 746 negare
1098 673 1171 730 ad
1217 673 1366 730 haec
1411 674 1562 732 bona
1607 674 2035 748 Chrysogonum
2081 691 2274 733 acces-

82 763 201 820 sisse
271 761 518 833 impulsu
592 777 710 818 suo,
830 762 893 820 Si
946 779 1104 835 eum,
1181 762 1278 834 qui
1345 762 1544 819 indicii
1608 766 1836 835 partem
1890 764 2187 836 acceperit
2205 758 2273 843 ¹),

83 850 237 907 oculis
280 849 561 921 cernetiS,
627 850 967 920 poteritisne
1028 848 1293 907 dubitare
1314 894 1330 922 ,
1388 850 1639 923 iudiceS,
1699 851 1826 922 quis
1854 845 1906 929 2)
1964 851 2274 909 indicarit?

83 936 174 1006 Qui
213 945 342 996 sunt
380 937 560 1010 igitur
605 937 667 993 in
711 938 839 994 istis
882 937 1078 1011 bonis,
1138 937 1342 1009 quibus
1381 942 1609 1009 partem
1653 936 2053 1011 Chrysogonus
2098 939 2273 998 dede-

81 1024 180 1082 rit?
258 1027 386 1084 Duo
423 1024 643 1082 Roscii.
734 1024 886 1082 Num
924 1026 1185 1097 quisnam
1204 1018 1255 1104 ³)
1300 1029 1650 1098 praeterea?
1738 1026 1923 1083 Nemo
1968 1032 2081 1100 est,
2126 1026 2274 1085 iudi-

82 1129 181 1170 ces.
260 1115 409 1171 Num
467 1129 608 1186 ergo
679 1113 915 1170 dubium
962 1118 1082 1187 est,
1138 1114 1278 1185 quin
1331 1114 1377 1170 ii
1436 1114 1752 1172 obtulerint
1805 1114 1954 1172 hanc
1997 1114 2275 1188 praedam

83 1199 454 1275 Chrysogon0,
502 1202 600 1272 qui
647 1201 719 1258 ab
766 1217 839 1258 eo
882 1206 1108 1274 partem
1152 1201 1408 1273 praedae
1450 1202 1747 1259 tulerunt?
1834 1201 1960 1274 Age
2005 1219 2159 1260 nunc
2205 1220 2276 1261 ex
2299 1212 2421 1268 108

80 1289 237 1359 ipsius
290 1289 645 1362 Chrysogoni
712 1289 924 1346 iudicio
986 1288 1321 1347 Rosciorum
1385 1289 1602 1347 factum
1662 1290 2103 1351 consideremus,
2215 1291 2275 1348 Si

82 1377 206 1433 nihil
246 1379 302 1434 in
347 1379 460 1435 ista
504 1393 704 1450 pugna
748 1377 969 1449 Roscii,
1015 1376 1168 1450 quod
1213 1392 1430 1449 operae
1466 1378 1718 1449 pretium
1763 1383 1945 1451 esset,
1990 1378 2275 1452 fecerant,

80 1480 231 1534 quam
283 1467 353 1523 ob
398 1481 632 1523 causam
678 1480 713 1521 a
760 1464 1126 1538 Chrysogono
1176 1465 1355 1522 tantis
1399 1466 1673 1538 praemiis
1723 1466 2126 1524 donabantur?
2216 1467 2275 1525 Si

80 1552 210 1609 nihil
260 1553 412 1610 aliud
472 1552 771 1626 fecerunt,
840 1553 951 1610 nisi
1008 1569 1132 1611 rem
1190 1552 1552 1627 detulerunt,
1619 1569 1813 1611 nonne
1867 1555 2007 1613 satis
2053 1554 2162 1612 fuit
2205 1556 2277 1613 iis

82 1640 276 1710 gratias
315 1642 446 1714 agi?
502 1641 784 1714 denique,
841 1646 906 1697 111
948 1641 1384 1713 perliberaliter
1429 1648 1728 1715 ageretur,
1783 1643 2017 1700 honoris
2058 1643 2275 1716 aliquid

79 1727 304 1785 haberi?
391 1729 508 1786 Cur
560 1729 675 1785 tria
736 1728 981 1801 praedia
1020 1733 1217 1786 tantae
1263 1730 1546 1800 pecuniae
1592 1730 1787 1787 statim
1829 1728 2092 1803 Capitoni
2137 1731 2275 1788 dan-

80 1819 196 1872 tur?
252 1830 376 1891 cur,
436 1832 588 1889 quae
632 1817 857 1888 reliqua
888 1821 1051 1889 sunt,
1098 1817 1208 1873 iste
1253 1816 1318 1873 T.
1337 1811 1392 1897 4)
1437 1817 1678 1875 Roscius
1715 1818 1907 1875 omnia
1938 1835 2065 1875 cum
2099 1818 2275 1891 Chry-

81 1919 273 1977 sogono
320 1905 702 1963 communiter
757 1904 1052 1977 possidet?
1148 1904 1358 1962 Nonne
1421 1906 1791 1978 perspicuum
1845 1909 1967 1979 est,
2037 1906 2274 1981 iudiceS,

81 1989 170 2048 has
213 1992 505 2050 manubias
544 1992 766 2050 Rosciis
809 1992 1237 2065 Chrysogonum
1279 2007 1347 2048 re
1390 1993 1621 2067 cognita
1668 1994 2060 2051 concessisse?

236 2079 404 2139 Venit
472 2082 536 2138 in
599 2081 801 2139 decem
853 2081 1052 2152 primis
1114 2081 1343 2152 legatus
1401 2081 1462 2138 in
1522 2085 1714 2139 castra
1760 2080 1979 2154 Capito.
2070 2082 2273 2140 Totam
2295 2083 2387 2149 38

83 2165 264 2243 vitam,
316 2174 584 2228 naturam
637 2185 939 2241 moresque
996 2168 1242 2227 hominis
1289 2187 1361 2227 ex
1408 2169 1538 2241 ipsa
1582 2170 1876 2243 legatione
1923 2172 2271 2244 cognoscite.
2299 2181 2420 2237 109

85 2253 189 2312 Nisi
233 2257 663 2331 intellexeritiS,
709 2257 962 2331 iudiceS,
1008 2258 1226 2314 nullum
1272 2273 1401 2315 esse
1447 2257 1724 2331 officium,
1770 2260 1991 2316 nullum
2037 2260 2129 2317 ius
2156 2267 2273 2318 tam

85 2349 316 2403 sanctum
372 2351 548 2419 atque
591 2347 913 2419 integrum,
974 2344 1127 2418 quod
1170 2361 1287 2402 non
1334 2345 1459 2402 eius
1505 2347 1694 2404 scelus
1715 2340 1769 2427 5)
1809 2353 1982 2420 atque
2030 2346 2274 2419 perfidia

84 2431 289 2491 violarit
332 2439 393 2491 et
436 2435 824 2508 imminuerit,
867 2435 1055 2491 virum
1101 2434 1379 2504 optimum
1423 2450 1549 2492 esse
1599 2450 1727 2491 eum
1758 2434 2093 2493 iudicatote.
2163 2438 2274 2493 Im·
2300 2444 2422 2500 110

84 2519 386 2588 pedimento
434 2527 552 2596 est,
599 2539 710 2594 quo
754 2522 941 2579 minus
984 2521 1056 2580 de
1088 2522 1177 2578 his
1207 2521 1382 2579 rebus
1414 2521 1577 2579 Sulla
1606 2523 1912 2595 doceatur,
1951 2528 2274 2581 ceterorum

87 2605 381 2678 legatorum
424 2611 664 2668 consilia
711 2615 771 2667 et
814 2609 1171 2668 voluntatem
1217 2607 1583 2682 Chrysogono
1630 2612 1927 2682 enuntiat3
1973 2616 2170 2669 monet
2211 2616 2276 2668 ut

85 2697 385 2772 provideat,
426 2716 503 2756 ne
549 2699 740 2772 palam
787 2715 883 2756 res
928 2703 1158 2772 agatur3
1204 2697 1485 2771 ostendit,
1546 2698 1594 2754 si
1641 2698 1868 2756 sublata
1907 2701 1982 2756 sit
2021 2700 2276 2757 venditio

86 2781 362 2860 bonorum,
407 2787 571 2843 illum
615 2787 920 2858 pecuniam
966 2784 1243 2859 grandem
1286 2785 1652 2858 amissurum,
1700 2802 1829 2844 sese
1881 2788 2086 2859 capitis
2124 2788 2277 2859 peri·

88 2871 248 2930 culum
291 2874 606 2932 aditurum:
663 2876 826 2931 illum
871 2890 1110 2948 acuere,
1168 2874 1302 2947 hos,
1357 2874 1456 2945 qui
1502 2874 1668 2931 simul
1716 2879 1883 2931 erant
1927 2876 2113 2948 missi,
2169 2875 2277 2933 fal-

88 2958 218 3033 lere3
281 2963 439 3019 illum
485 2963 805 3025 identidem
850 2979 1118 3035 monere,
1177 2967 1241 3020 ut
1282 2966 1544 3035 caveret,
1601 2962 1758 3019 hisce
1801 2962 2075 3021 insidiose
2114 2979 2276 3036 spem

86 3042 265 3116 falsam
305 3051 642 3124 ostendere,
689 3067 817 3108 cum
860 3051 958 3108 illo
1005 3056 1207 3107 contra
1250 3051 1355 3107 hos
1399 3050 1549 3107 inire
1595 3050 1868 3124 consilia,
1913 3050 2115 3108 horum
2146 3068 2277 3109 con-

86 3133 195 3192 silia
253 3139 338 3195 illi
402 3140 710 3196 enuntiare
733 3134 819 3217 ⁶)3
896 3155 1025 3195 cum
1084 3138 1183 3195 illo
1238 3143 1464 3210 partem
1519 3154 1678 3196 suam
1740 3138 2056 3212 depecisci,
2118 3139 2277 3198 hisce

88 3221 254 3295 aliqua
296 3224 433 3285 ficta
478 3244 639 3285 mora
660 3220 710 3306 ⁷)
758 3242 989 3297 semper
1032 3242 1230 3284 omnes
1273 3226 1461 3284 aditus
1505 3225 1579 3283 ad
1610 3225 1826 3284 Sullam
1869 3227 2277 3287 intercludere.

87 3306 356 3373 Postremo
410 3316 522 3373 isto
574 3315 896 3389 hortatore,
961 3320 1227 3389 auctore,
1286 3315 1670 3373 intercessore
1718 3315 1793 3372 ad
1839 3316 2055 3374 Sullam
2102 3318 2280 3389 legati

240 3581 290 3648 1)
348 3579 552 3648 accepit
586 3580 824 3646 Whitte,
881 3579 1213 3633 Fleckeisen.
1460 3578 1513 3646 2)
1565 3579 1687 3646 quis
1722 3579 1909 3632 Halm:
1957 3580 2053 3648 qui
2097 3581 2280 3650 vulgo.

92 3644 134 3711 3)
165 3649 441 3718 quisquam
480 3668 508 3704 e
543 3650 694 3705 codd.
733 3652 942 3719 aliquot
978 3650 1140 3703 Klotz
1195 3653 1250 3703 et
1284 3649 1467 3703 Halm.
1678 3651 1733 3718 4)
1786 3651 1843 3703 T.
1883 3651 2004 3705 add.
2042 3652 2279 3705 Richter.

94 3715 136 3780 ὖ)
168 3720 248 3772 Sic
280 3723 341 3775 R.
368 3721 693 3790 StephanuS,
733 3721 901 3776 Codd.
938 3721 1110 3774 eiusce
1144 3720 1242 3772 viS.
1386 3721 1439 3786 6)
1480 3735 1602 3771 cum
1636 3720 1732 3773 illo
1771 3750 1837 3758 —
1874 3722 1959 3774 illi
1994 3722 2281 3774 enuntiare

94 3790 219 3841 uncis
253 3791 371 3847 incl.
408 3791 737 3846 Fleckeisen.
952 3794 1006 3858 7)
1052 3792 1183 3858 ficta
1231 3806 1387 3842 mora
1428 3790 1689 3844 Graevius
1736 3796 1792 3846 et
1827 3792 2009 3845 Halm.
2080 3793 2280 3857 fretum

95 3868 175 3908 Ora
208 3861 348 3915 codd.
387 3865 546 3929 vafre
584 3879 740 3914 mora
776 3863 976 3931 Haupt.
