2669 4354
933 253 1047 294 rao
1089 255 1141 294 P.
1191 253 1411 295 sii-sno.
2151 243 2275 302 257

98 424 515 501 demonstraret,
583 432 877 498 senatum,
947 427 1172 501 equites
1228 426 1545 501 RomanOS,
1619 429 1951 488 universum
2009 431 2279 504 populum

95 513 381 573 Romanum
422 520 752 573 accusaret:

319 602 541 660 dmlare
583 602 768 659 ciuitas
791 596 872 682 ¹),
918 603 1071 659 seht&
1106 602 1275 676 pe'lli,
1316 602 1542 676 pulsum
1580 604 1862 676 patimini.

96 690 227 760 Quae
271 697 392 748 tum
447 690 793 763 significatio
854 689 1032 749 fuerit
1088 692 1339 749 omnium
1352 735 1368 764 ,
1443 708 1591 764 quae
1647 692 1965 751 declaratio
2015 694 2275 754 volunta-

95 779 149 835 tis
195 778 262 836 ab
306 780 576 837 universo
634 779 844 852 populo
886 778 1147 837 Romano
1208 780 1269 835 in
1325 794 1502 837 causa
1554 779 1802 837 hominis
1864 796 1979 838 non
2037 784 2275 854 popula-

94 867 180 939 ris,
242 867 508 939 equidem
574 866 879 925 audiebam
899 910 916 941 ,
987 868 1316 925 existimare
1385 864 1617 925 facilius
1674 874 1939 941 possunt,
2007 870 2105 941 qui
2175 871 2277 929 ad-

93 952 305 1014 fuerunt.

232 1044 309 1100 Et
354 1043 628 1116 quoniam
687 1042 800 1100 huc
856 1058 949 1101 me
1008 1042 1272 1115 provexit
1315 1042 1529 1116 oratic,
1584 1042 1788 1101 histrio
1832 1058 2027 1101 casum
2086 1061 2277 1103 meum
2297 1046 2390 1114 58

91 1131 272 1188 totiens
319 1131 779 1203 conlacrimavit,
820 1147 948 1187 cum
991 1129 1077 1187 ita
1115 1130 1381 1188 dolenter
1423 1136 1628 1202 ageret
1673 1147 1905 1189 causam
1943 1148 2130 1190 meam
2149 1177 2164 1204 ,
2212 1138 2422 1200 ut123

91 1234 179 1275 vox
217 1220 338 1277 eius
384 1220 486 1276 illa
524 1219 828 1291 praeclara
872 1218 1125 1275 lacrimis
1169 1216 1578 1291 impediretur,
1627 1235 1816 1291 neque
1860 1225 2096 1294 poetae,
2141 1236 2276 1293 quo-

91 1323 188 1363 rum
232 1324 337 1380 ego
384 1324 616 1380 semper
658 1306 894 1379 ingenia
939 1306 1147 1378 dilexi,
1208 1305 1456 1378 tempori
1515 1322 1645 1364 meo
1687 1305 2022 1380 defuerunt,
2088 1324 2275 1381 eaque

90 1396 301 1466 populus
340 1395 636 1453 Romanus
675 1410 791 1452 non
834 1393 1018 1452 solum
1062 1392 1270 1466 plausu
1283 1438 1298 1462 ,
1343 1390 1448 1451 sed
1491 1394 1668 1451 etiam
1712 1396 1931 1468 gemitu
1978 1411 2080 1453 suo
2126 1412 2278 1454 com-

91 1482 350 1551 probavit:
401 1492 593 1541 utrum
637 1482 818 1556 igitur
859 1482 1007 1539 haec
1052 1482 1346 1553 Aesopum
1390 1482 1580 1553 potius
1624 1498 1728 1553 pro
1772 1498 1865 1540 me
1912 1489 2014 1540 aut
2053 1484 2277 1542 Attium

89 1568 253 1629 dicere
311 1571 600 1644 oportuit,
657 1571 706 1628 si
764 1570 1005 1642 populus
1048 1569 1341 1627 Romanus
1395 1569 1546 1627 liber
1606 1574 1787 1643 esset,
1847 1586 1923 1629 an
1984 1571 2277 1644 principes

90 1657 308 1717 civitatis
324 1663 353 1716 ⁶?
443 1658 796 1716 Nominatim
836 1674 961 1715 sum
1005 1656 1332 1729 appellatus
1374 1656 1435 1713 in
1478 1656 1685 1715 Bruto:

22 1723 27 1826 Ι
320 1745 576 1819 Tamus,
620 1746 722 1820 qm·
761 1744 1067 1802 ubertatem
1110 1742 1314 1801 aivam
1358 1743 1717 1802 stabilivomt.

22 1831 23 1856 ³
91 1831 298 1892 Miliens
351 1839 688 1893 revocatum
741 1838 848 1892 est.
977 1832 1266 1890 Parumne
1326 1830 1628 1889 videbatur
1680 1832 1928 1906 populus
1986 1833 2278 1892 Romanus

20 1951 29 2008 ἰ
90 1919 346 1995 iudicare,
408 1922 471 1980 id
516 1938 552 1981 a
607 1938 699 1979 me
749 1928 809 1980 et
862 1937 898 1978 a
955 1927 1161 1978 senatu
1208 1936 1337 1978 esse
1400 1920 1794 1992 constitutum,
1856 1920 2006 1993 quod
2064 1921 2278 1993 perditi

20 2013 29 2084 ζ
89 2008 213 2067 cives
257 2010 547 2068 sublatum
603 2026 712 2082 per
770 2025 877 2066 nos
927 2006 1423 2066 criminabantur?
1525 2007 1841 2066 Maximum
1898 2025 2034 2067 vero
2078 2010 2277 2081 populi
2300 2018 2424 2076 124

20 2087 29 2168 Ξ
88 2094 302 2155 Romani
347 2098 629 2156 iudicium
673 2098 924 2155 universi
943 2091 997 2176 ²)
1043 2111 1313 2154 consessu
1356 2094 1703 2168 gladiatorio
1756 2096 2110 2154 declaratum
2169 2103 2275 2156 est.

20 2186 27 2253 ζ
92 2182 206 2244 Erat
248 2188 405 2245 enim
457 2203 664 2245 munus
708 2185 1025 2259 Scipionis,
1094 2185 1327 2258 dignum
1378 2189 1437 2242 et
1485 2200 1555 2242 eo
1609 2184 1733 2257 ipso
1779 2190 1840 2243 et
1896 2185 1995 2243 illo
2038 2184 2104 2256 Q.
2152 2185 2279 2244 Me-

90 2274 199 2332 tello
219 2320 234 2347 ,
281 2276 374 2332 cui
416 2273 682 2333 dabatur.
774 2273 844 2331 Id
889 2278 1085 2331 autem
1123 2272 1438 2344 spectaculi
1483 2288 1667 2345 genus
1715 2278 1869 2346 erat,
1930 2273 2080 2345 quod
2123 2274 2280 2331 omni

20 2380 25 2429 3³
96 2357 392 2435 frequentia
445 2368 617 2435 atque
662 2363 816 2419 omni
875 2375 1092 2434 genere
1151 2359 1444 2417 hominum
1505 2360 1831 2418 celebratur
1850 2403 1866 2433 ,
1922 2377 2036 2432 quo
2087 2362 2279 2420 multi-

19 2438 29 2557 ἱ
96 2449 203 2508 tudo
244 2452 495 2509 maxime
541 2449 879 2510 delectatur.
967 2449 1037 2506 In
1079 2448 1234 2505 hunc
1280 2463 1611 2505 consessum
1656 2447 1718 2506 P.
1752 2448 1974 2507 Sestius
2016 2449 2278 2508 tribunus

20 2558 21 2561 ¹
97 2535 278 2613 plebis,
324 2555 457 2596 cum
502 2542 708 2611 ageret
752 2536 895 2594 nihil
944 2536 1100 2594 aliud
1146 2537 1207 2593 in
1255 2552 1323 2593 eo
1369 2536 1709 2608 magistratu
1753 2537 1864 2593 nisi
1909 2552 2099 2594 meam
2144 2553 2281 2596 cau·-

96 2639 217 2699 sam,
270 2628 433 2684 venit
479 2632 541 2683 et
577 2641 641 2683 se
683 2625 896 2698 populo
943 2623 1139 2697 dedit,
1196 2640 1311 2682 non
1359 2623 1593 2695 plausus
1654 2623 1995 2697 cupiditate,
2052 2624 2157 2682 sed
2215 2632 2281 2684 ut

22 2740 29 2777 ς
94 2710 184 2783 ipsi
232 2715 451 2773 inimici
505 2715 689 2772 nostri
747 2713 1101 2771 voluntatem
1159 2711 1413 2768 universi
1471 2711 1669 2783 populi
1713 2711 1996 2772 viderent.
2085 2711 2281 2786 Venit,

22 2782 33 2833 3'
95 2806 145 2855 ut
181 2804 328 2860 scitis
344 2847 360 2875 ,
421 2819 457 2860 a
503 2803 769 2859 columna
812 2801 1050 2858 Maenia
1071 2793 1139 2877 ³).
1230 2799 1450 2856 Tantus
1497 2803 1587 2856 est
1630 2814 1703 2856 ex
1747 2799 2009 2857 omnibus
2054 2805 2280 2873 specta-

95 2889 214 2947 culis
256 2908 441 2962 usque
488 2906 525 2948 a
570 2888 857 2962 Capitolio
873 2933 889 2961 ,
941 2892 1139 2946 tantus
1195 2904 1266 2945 ex
1309 2885 1420 2944 fori
1467 2887 1743 2944 cancellis
1784 2888 2019 2960 plausus
2064 2888 2280 2945 excita-

94 2979 191 3050 ωε,
245 2985 306 3037 ut
351 2993 663 3051 numquam
720 2976 904 3034 maior
947 2975 1248 3033 consensio
1292 2979 1393 3032 aut
1455 2975 1714 3047 apertior
1775 2975 1975 3047 populi
2033 2974 2280 3033 Romani

94 3065 318 3124 universi
362 3064 545 3124 fuisse
591 3066 707 3123 ulla
750 3065 812 3121 in
856 3079 1032 3121 causa
1073 3063 1385 3121 diceretur.
1477 3061 1591 3120 Ubi
1638 3068 1807 3120 erant
1850 3067 1971 3120 tum
2014 3064 2102 3120 illi
2147 3079 2282 3121 con-
2304 3072 2428 3132 125

93 3151 286 3212 tionum
343 3153 743 3212 moderatores
761 3197 776 3225 ,
835 3154 1026 3225 legum
1068 3150 1313 3223 domini,
1364 3149 1574 3207 civium
1629 3150 2004 3222 expulsores?
2056 3151 2281 3210 aliusne

94 3245 168 3296 est
213 3243 415 3315 aliquis
459 3241 738 3315 improbis
789 3239 1008 3297 civibus
1064 3238 1376 3311 peculiaris
1429 3237 1705 3312 populuS,
1772 3239 1864 3297 cui
1919 3254 2023 3296 nos
2077 3237 2281 3297 offensi

94 3326 348 3403 invisique
396 3328 714 3388 fuerimus?

242 3417 527 3491 Equidem
574 3417 838 3474 existimo
882 3414 1102 3473 nullum
1146 3419 1374 3485 tempus
1430 3429 1558 3472 esse
1619 3413 2029 3486 frequentioris
2086 3414 2282 3488 populi
2301 3417 2394 3487 59

95 3517 243 3572 quam
282 3506 422 3564 illud
463 3505 897 3577 gladiatorium,
946 3518 1137 3575 neque
1182 3501 1465 3559 contionis
1509 3501 1678 3560 ullius
1720 3518 1910 3574 neque
1953 3519 2091 3561 vero
2138 3503 2283 3562 ullo·

96 3605 205 3649 rum
245 3594 616 3651 comitiorum.
714 3592 877 3650 Haec
918 3591 1095 3663 igitur
1138 3588 1576 3647 innumerabilis
1618 3590 1912 3648 hominum
1956 3588 2283 3664 multitudo,

218 3796 269 3859 1)
315 3793 463 3847 Libri
512 3795 623 3860 opt.
674 3791 850 3846 semite.
1077 3791 1131 3858 2)
1188 3789 1276 3842 Sic
1321 3787 1566 3843 Schuetz.
1606 3789 1770 3851 coni.;
1819 3788 1973 3844 codd.
2010 3789 2282 3843 universo.

99 3864 141 3929 3)
176 3867 343 3935 Vulgo
381 3883 442 3919 ex
479 3879 578 3917 rec.
618 3862 765 3916 codd.
806 3862 880 3915 ad
917 3861 1226 3914 columnam
1265 3858 1565 3912 Maeniam.
