2669 4354
406 228 478 271 VI
1334 232 1694 273 PRAEFATIO.

408 399 598 462 editio
644 400 845 462 multo
891 400 1282 462 emendatior
1323 407 1537 483 posset
1567 403 1849 465 evadere.
1917 402 1996 465 In
2027 402 2255 465 selecta
2279 403 2549 483 scriptur

407 504 843 585 discrepantia,
891 523 1053 586 quae
1097 506 1164 565 in
1208 507 1495 589 margine
1538 508 1742 588 posita
1785 511 1897 589 est,
1942 506 2009 569 id
2054 506 2390 569 consilium
2427 505 2612 569 secuti

408 628 657 689 sumuS,
716 613 791 670 ut
861 608 1320 691 adponeremus
1370 612 1743 693 scripturas,
1811 630 1974 693 quae
2030 610 2110 673 ad
2157 610 2609 693 perspiciendas

408 713 730 794 scriptoris
803 714 1145 776 sententias
1210 715 1314 776 vel
1369 714 1447 776 ad
1517 715 1979 797 pernoscendas
2041 714 2609 797 intellegendasque

404 817 577 899 leges
621 816 879 899 linguae
922 817 1362 899 grammaticas
1407 818 1804 900 aliquantum
1849 819 2051 882 facere
2099 818 2497 900 viderentur,
2540 836 2607 879 ne

403 919 578 983 falsis
626 919 882 1002 quidem
919 922 986 982 in
1026 920 1369 984 verborum
1408 923 1822 986 declinatione
1851 923 2070 989 formis
2100 923 2421 986 interdum
2452 941 2606 1004 spre-

403 1026 501 1088 tis,
595 1023 772 1100 Quae
815 1026 1028 1086 omnia
1046 1077 1051 1082 .
1072 1026 1190 1088 etsi
1224 1027 1525 1089 criticum
1572 1046 1827 1109 quoque
1872 1047 2065 1090 usum
2108 1027 2367 1109 habent,
2412 1031 2608 1089 tamen

404 1129 469 1191 id
509 1130 710 1212 magis
756 1129 1201 1211 spectavimUS,
1264 1135 1340 1193 ut
1385 1130 1677 1213 discipuli
1723 1131 1800 1194 de
1842 1132 1963 1194 ista
2004 1131 2318 1213 farragine
2362 1131 2609 1194 medita-

403 1238 626 1296 rentur
685 1234 1156 1315 sciscitantique
1213 1236 1513 1317 magistro
1573 1236 1920 1317 scripturae
1978 1236 2080 1298 vel
2141 1236 2454 1317 praelatae
2519 1233 2608 1296 vel

402 1338 568 1400 infra
609 1339 850 1420 positae
893 1340 1175 1420 itemque
1221 1341 1728 1403 coniecturarum
1773 1361 1811 1402 a
1840 1342 1995 1403 viris
2041 1340 2239 1403 doctis
2275 1341 2609 1422 proposita-

401 1462 547 1504 rum
591 1444 866 1505 rationes
910 1442 1262 1507 redderent.
1352 1444 1421 1507 Si
1466 1445 1685 1508 sollers
1732 1449 1980 1527 praeest
2030 1445 2111 1507 iis
2156 1443 2606 1508 exercitationi-

400 1546 523 1609 bus
566 1546 938 1627 moderator,
983 1566 1112 1609 non
1159 1547 1368 1611 solum
1396 1549 1773 1611 discentium
1816 1550 2149 1631 ingenium
2193 1552 2457 1612 acuetur
2492 1566 2605 1609 non

401 1650 814 1732 mediocriter,
861 1651 971 1714 sed
1016 1652 1205 1715 etiam
1249 1652 1741 1734 locupletissima
1770 1654 1923 1715 artis
1954 1654 2396 1736 grammaticae
2426 1652 2603 1715 facul-

400 1760 496 1818 tas
563 1756 1042 1836 comparabitur.
1150 1756 1448 1820 Aliarum
1511 1776 1661 1820 vero
1725 1758 2122 1820 notationum
2189 1758 2244 1820 si
2309 1757 2604 1820 difficilior

398 1858 720 1922 videbitur
773 1861 1120 1923 aestimatio
1185 1866 1569 1943 captumque
1628 1861 2083 1942 discipulorum
2143 1879 2478 1943 superans,
2541 1861 2601 1921 iis

397 1964 697 2045 magistro
727 1964 1049 2026 voluimus
1076 1966 1451 2046 prospicere,
1493 1966 1597 2026 cui
1629 1985 1821 2027 suum
1852 1964 2160 2027 iudicium
2190 1964 2600 2046 interponenti

398 2067 777 2149 singulaque
823 2073 1197 2150 argumenta
1237 2067 1654 2150 perpendenti
1687 2068 1936 2131 facilius
1982 2069 2073 2131 sic
2101 2072 2401 2149 poterunt
2433 2070 2597 2132 disci-

396 2170 531 2252 puli
578 2170 951 2235 auscultare.
1041 2171 1164 2236 His
1210 2191 1361 2237 vero
1406 2172 1753 2255 prudenter
1796 2173 2106 2236 institutis
2134 2176 2381 2235 tantum
2417 2173 2598 2237 aberit

398 2279 470 2337 ut
515 2274 971 2338 confirmentur
1019 2295 1240 2339 eorum
1288 2294 1501 2358 voceS,
1560 2278 1670 2358 qui
1726 2278 2321 2358 perniciosissimam
2376 2278 2597 2340 schola-

397 2398 541 2441 rum
587 2383 828 2461 pestem
875 2381 1195 2462 quandam
1243 2381 1496 2444 criticae
1542 2382 1694 2444 artis
1739 2383 2175 2445 tractationem
2218 2400 2355 2444 esse
2401 2382 2597 2445 clami-

395 2486 558 2564 tant,
630 2488 703 2546 ut
769 2488 987 2547 contra
1054 2485 1208 2547 haec
1285 2485 1496 2548 studia
1552 2485 1811 2548 laetiora
1874 2486 1941 2547 in
2013 2486 2146 2548 dies
2227 2486 2598 2548 incrementa

395 2592 657 2668 captura
732 2589 1012 2669 artisque
1090 2589 1534 2671 grammaticae
1603 2590 1675 2651 in
1741 2590 2164 2672 cognitionem
2226 2590 2598 2673 largissimos

393 2690 640 2754 fructus
685 2693 1150 2755 redundaturos
1188 2711 1326 2757 esse
1357 2692 1741 2775 sperandum
1780 2695 1875 2756 sit.
1940 2693 2234 2775 Denique
2263 2703 2347 2756 ex
2385 2694 2597 2776 prioris

395 2806 754 2880 συναγωγῆς
805 2796 1195 2860 orationibus
1246 2817 1441 2859 uuam
1496 2797 1901 2860 resecandam
1959 2817 2095 2861 esse
2147 2799 2394 2880 putavi,
2452 2813 2595 2880 quae

391 2898 594 2963 fertur
639 2900 718 2963 ad
745 2899 1023 2976 Quirites
1066 2906 1210 2983 post
1253 2902 1530 2964 reditum
1557 2902 1771 2965 habita
1808 2921 1962 2984 esse,
2008 2904 2272 2984 eiusque
2301 2903 2369 2963 in
2401 2903 2595 2965 locum

394 3002 694 3066 substitui
726 3003 1095 3084 Sestianam,
1144 3024 1338 3085 quam
1382 3024 1420 3066 a
1459 3006 1960 3087 provectioribus
2003 3007 2327 3089 discipulis
2358 3004 2594 3069 tractari

391 3107 668 3169 multum
713 3106 1038 3189 expediet3
1088 3108 1456 3171 adiecissem
1487 3109 1674 3171 etiam
1707 3110 2049 3192 Sullanam,
2096 3111 2220 3174 nisi
2255 3112 2594 3174 cavendum

389 3209 637 3291 fuisset,
692 3230 774 3273 ne
832 3213 1040 3274 maius
1104 3211 1282 3275 fieret
1336 3212 1533 3275 libelli
1590 3214 1888 3277 volumen
1934 3215 2267 3298 maiusque
2311 3216 2592 3297 pretium,

394 3333 586 3395 quam
632 3315 802 3397 quod
847 3316 1233 3399 exemplaria
1276 3318 1501 3380 haecce
1546 3318 1852 3381 Halensia
1895 3318 2243 3400 plurimum
2294 3338 2593 3382 commen-

391 3418 578 3481 davit.
658 3418 955 3483 Ceterum
998 3426 1071 3484 ut
1113 3423 1326 3485 omnia
1374 3442 1567 3504 quam
1611 3423 2118 3487 emendatissima
2164 3430 2423 3507 possent
2468 3423 2593 3487 ede-

388 3528 628 3604 rentur,
659 3521 1062 3601 Liebmanni,
1105 3527 1227 3588 viri
1260 3528 1497 3609 optimi,
1527 3547 1735 3609 gnava
1772 3528 2103 3592 sedulitate
2134 3530 2466 3611 provisum
2498 3532 2590 3591 est

562 3627 745 3691 Halis
792 3629 1119 3693 Saxonum
1160 3650 1379 3697 mense
1422 3632 1632 3713 Aprili
1677 3632 1829 3694 anni
1875 3632 2300 3696 MDCCCXL.

1495 3780 1735 3864 Frid.
1792 3780 2006 3880 Aug.
2057 3782 2503 3864 Eckstein.
