2669 4354
720 262 802 301 ma
846 260 1100 302 nffmuo
1144 261 1236 302 GN.
1279 261 1520 300 Pomm.
2147 246 2230 302 49

58 453 147 509 quo
186 453 395 495 summa
440 437 559 494 sint
596 437 788 495 omnia
805 482 821 511 ,
868 442 929 495 et
975 453 1109 496 eum
1136 442 1372 510 propter
1389 433 1441 517 ¹)
1472 452 1599 510 esse
1616 482 1632 511 ,
1676 453 1791 509 quo
1825 436 1999 495 etiam
2030 442 2235 496 carent

58 525 280 599 aegrius3
343 525 512 583 cuius
557 524 816 583 adventu
859 526 985 598 ipso
1026 518 1202 599 atque
1244 526 1476 584 nomine
1494 570 1511 599 ,
1555 526 1789 582 tametsi
1826 525 1927 584 ille
1959 524 2036 583 ad
2064 527 2236 584 mari-

57 614 222 670 timum
279 613 496 672 bellum
555 614 813 688 venerit,
873 618 1072 671 tamen
1131 615 1383 687 impetus
1441 614 1692 671 hostium
1748 629 2045 686 repressos
2106 630 2234 672 esse

57 701 363 775 intellegunt
431 717 501 758 ac
551 701 896 760 retardatos.
995 701 1073 759 Hi
1135 717 1264 776 vos,
1331 703 1604 774 quoniam
1664 699 1850 761 libere
1904 702 2064 774 loqui
2120 719 2235 761 non

56 789 186 863 licet,
227 791 402 848 tacite
448 794 691 863 rogant,
735 795 805 848 ut
843 805 907 846 se
954 806 1184 863 quoque
1201 835 1218 864 ,
1263 790 1417 848 sicut
1447 794 1778 848 ceterarum
1807 790 2237 864 provinciarum

57 879 235 951 sociOS,
277 878 480 951 dignos
529 877 873 936 existimetis
919 894 1165 950 quorum
1209 879 1459 935 salutem
1485 878 1605 957 tali
1643 878 1767 936 viro
1801 878 2236 952 commendetiS,

52 970 196 1038 atque
237 967 343 1024 hoc
380 966 561 1024 etiam
605 966 818 1040 magis,
864 965 1021 1038 quod
1065 970 1295 1024 ceteros
1340 966 1403 1023 in
1445 967 1801 1038 provinciam
1824 960 1877 1046 2)
1925 965 2051 1025 eius
2082 967 2236 1025 modi

52 1052 276 1112 homines
335 1071 470 1111 cum
529 1053 774 1127 imperio
832 1054 1142 1128 mittimus,
1209 1059 1303 1128 ut,
1374 1054 1547 1112 etiam
1610 1053 1658 1112 si
1705 1053 1779 1112 ab
1826 1054 1991 1113 hoste
2037 1054 2239 1114 defen-

51 1141 189 1215 dant,
229 1147 424 1199 tamen
468 1142 727 1214 ipsorum
771 1141 1055 1201 adventus
1089 1142 1151 1198 in
1193 1141 1374 1200 urbes
1415 1142 1700 1200 sociorum
1744 1159 1860 1201 non
1890 1143 2133 1200 multum
2161 1141 2238 1201 ab

50 1229 212 1286 hostili
251 1231 681 1304 expugnatione
728 1229 1027 1289 differant:
1072 1230 1230 1287 hunc
1271 1229 1591 1288 audiebant
1634 1235 1809 1288 antea
1824 1276 1840 1305 ,
1884 1248 2041 1288 nunc
2069 1247 2239 1304 prae-

52 1324 242 1376 sentem
303 1317 507 1376 vident
572 1322 738 1375 tanta
796 1318 1215 1391 temperantia,
1294 1323 1459 1376 tanta
1521 1317 1998 1394 mansuetudine,
2073 1323 2237 1377 tanta

53 1404 377 1465 humanitate
395 1451 411 1480 ,
457 1411 526 1463 ut
570 1406 613 1463 ii
656 1405 978 1483 beatissimi
1023 1422 1151 1464 esse
1196 1406 1532 1480 videantur,
1577 1407 1734 1479 apud
1778 1423 1922 1479 quos
1962 1407 2063 1465 ille
2109 1406 2237 1465 diu-

49 1493 233 1552 tissime
278 1499 687 1553 commoratur.

195 1582 387 1654 Quare
441 1581 493 1640 si
554 1587 791 1656 propter
845 1582 1060 1655 socioS,
1118 1583 1280 1639 nulla
1340 1581 1450 1655 ipsi
1503 1581 1719 1640 iniuria
1762 1582 2016 1640 lacessiti
2062 1584 2240 1641 maio·
2261 1581 2305 1647 6

49 1684 126 1726 res
163 1672 340 1728 nostri
388 1688 521 1728 cum
567 1669 882 1745 Antiocho,
930 1686 1061 1727 cum
1105 1669 1398 1744 Philippo,
1446 1686 1577 1727 cum
1621 1669 1847 1728 Aetolis
1866 1716 1883 1745 ,
1930 1688 2060 1729 cum
2094 1671 2238 1730 Poe·
2264 1675 2344 1733 14

46 1757 120 1815 nis
171 1759 322 1818 bella
376 1763 713 1833 gesserunt,
778 1763 994 1831 quanto
1055 1774 1155 1816 vos
1197 1757 1391 1816 studio
1452 1758 1721 1817 convenit
1764 1758 1995 1839 iniuriis
2038 1775 2243 1832 provo—

51 1850 182 1904 catos
215 1846 503 1906 sociorum
541 1847 790 1904 salutem
825 1863 945 1904 una
983 1863 1117 1904 cum
1140 1846 1369 1918 imperii
1397 1847 1572 1905 vestri
1596 1847 1878 1919 dignitate
1903 1846 2242 1920 defendere,

49 1936 365 2002 praesertim
434 1951 569 1992 cum
635 1934 708 1994 de
765 1935 1026 1993 maximis
1081 1934 1289 1992 vestris
1332 1934 1715 2008 vectigalibus
1760 1937 2006 2007 agatur?
2094 1935 2243 1993 Nam

52 2026 349 2081 ceterarum
409 2023 840 2096 provinciarum
891 2023 1235 2096 vectigalia,
1293 2022 1583 2097 Quirites,
1643 2028 1807 2081 tanta
1850 2028 2017 2097 sunt,
2062 2027 2128 2080 ut
2172 2024 2243 2080 iis

51 2108 110 2165 ad
164 2110 321 2184 ipsas
376 2110 704 2185 provincias
759 2110 1035 2170 tutandas
1090 2110 1182 2168 vix
1241 2112 1499 2179 contenti
1546 2129 1674 2170 esse
1720 2111 2033 2186 possimus,
2103 2112 2245 2170 Asia

51 2212 161 2256 vero
201 2206 317 2259 tam
365 2201 559 2275 opima
605 2206 696 2258 est
741 2216 810 2258 ac
846 2200 1081 2274 fertiIiS,
1121 2204 1191 2257 ut
1237 2205 1298 2258 et
1340 2200 1612 2260 ubertate
1658 2217 1930 2274 agrorum
1969 2205 2031 2259 et
2059 2201 2247 2258 varie-

51 2289 151 2344 tate
209 2288 511 2347 fructuum
584 2294 645 2346 et
702 2288 1102 2362 magnitudine
1164 2288 1448 2361 pastionis
1504 2293 1564 2346 et
1621 2289 1993 2348 multitudine
2042 2304 2243 2346 earum

58 2390 253 2450 rer-um,
329 2393 485 2450 quae
557 2382 933 2450 exportentur
955 2371 1037 2457 3),
1111 2374 1286 2434 facile
1350 2377 1615 2435 omnibus
1676 2377 1852 2434 terris
1911 2377 2242 2435 antecellat.

48 2459 224 2536 Itaque
281 2466 434 2524 haec
493 2464 657 2524 vobis
717 2464 1041 2538 provincia,
1099 2465 1355 2535 Quirites
1376 2510 1392 2539 ,
1445 2465 1493 2523 si
1540 2470 1601 2522 et
1637 2464 1778 2523 belli
1822 2465 2138 2523 utilitatem
2184 2469 2244 2523 et

45 2553 179 2619 pacis
242 2552 591 2632 dignitatem
650 2553 908 2611 retinere
961 2553 1163 2626 voltis,
1226 2570 1343 2610 non
1399 2553 1567 2612 modo
1624 2569 1660 2611 a
1717 2553 2048 2611 calamitate
2067 2597 2082 2626 ,
2142 2552 2243 2611 sed

49 2638 202 2698 etiam
248 2658 284 2700 a
323 2647 491 2700 metu
537 2641 884 2699 calamitatis
924 2646 1014 2699 est
1059 2637 1442 2698 defendenda.
1516 2640 1662 2698 Nam
1709 2641 1771 2697 in
1810 2642 2021 2700 ceteris
2066 2640 2245 2699 rebus
2268 2643 2347 2701 15

45 2742 155 2784 cum
195 2730 358 2788 venit
406 2729 740 2803 calamitas,
778 2734 902 2786 tum
947 2729 1360 2787 detrimentum
1409 2729 1721 2801 accipitur3
1767 2733 1827 2786 at
1858 2730 1919 2786 in
1950 2728 2246 2803 vectigali-

46 2812 135 2872 bus
174 2834 287 2876 non
330 2817 522 2877 solum
565 2817 850 2876 adventus
897 2817 1062 2891 mali,
1108 2817 1212 2876 sed
1250 2816 1429 2874 etiam
1455 2821 1661 2894 ‚metus
1704 2817 1827 2889 ipse
1870 2814 2060 2875 adfert
2092 2816 2245 2875 cala-

44 2902 298 2967 mitatem.
390 2906 446 2964 N
449 2922 543 2964 am
592 2922 724 2964 cum
764 2905 1018 2963 hostium
1062 2905 1262 2978 copiae
1307 2921 1421 2963 non
1467 2905 1639 2977 longe
1688 2904 1925 2979 absunt,
1975 2905 2152 2963 etiam
2195 2906 2245 2962 si

43 2988 275 3065 inruptio
321 2993 488 3051 nulla
532 2992 689 3052 facta
737 2999 825 3051 est
841 3038 856 3065 ,
918 2999 1110 3051 tamen
1155 3010 1347 3066 pecua
1394 2993 1806 3065 relinquuntur
1825 2987 1879 3073 4)
1894 3037 1909 3067 ,
1954 2994 2079 3066 agri
2123 2994 2244 3050 cul-

43 3082 158 3138 tura
200 3082 520 3155 deseritur,
566 3088 952 3140 mercatorum
997 3081 1289 3153 navigatio
1336 3081 1710 3154 conquiescit.
1798 3081 1891 3139 Ita
1934 3097 2127 3153 neque
2174 3097 2246 3139 ex

44 3174 194 3236 portu
251 3187 448 3243 neque
513 3188 584 3229 ex
630 3170 890 3229 decumis
933 3186 1125 3242 neque
1173 3186 1245 3227 ex
1288 3170 1578 3243 scriptura
1622 3169 1870 3242 vectigal
1917 3170 2245 3227 conservari

43 3261 244 3331 potest3
316 3274 501 3331 quare
573 3274 749 3332 saepe
812 3258 991 3317 totius
1049 3257 1186 3315 anni
1242 3254 1468 3316 fructus
1529 3275 1647 3316 uno
1704 3274 1937 3315 rumore
1997 3257 2245 3331 periculi

45 3348 200 3416 atque
230 3363 351 3405 uno
381 3345 524 3405 belli
551 3352 778 3405 terrore
809 3346 1111 3405 amittitur.
1174 3345 1300 3417 Quo
1329 3340 1628 3425 tandem⁵)
1661 3346 1853 3404 animo
1886 3362 2014 3404 esse
2049 3345 2246 3403 existi·
2269 3354 2348 3410 16

40 3433 193 3491 matis
234 3439 345 3492 aut
383 3451 510 3508 eoS,
556 3436 660 3508 qui
704 3434 1017 3509 vectigalia
1060 3433 1229 3493 nobis
1273 3433 1605 3508 pensitant,
1647 3439 1750 3493 aut
1780 3450 1906 3508 eos,
1952 3434 2052 3506 qui
2082 3449 2251 3493 exer-

197 3620 252 3686 1)
284 3633 459 3686 prope
499 3618 712 3672 Ernest.
753 3634 872 3671 cum
909 3617 1184 3671 nonnullis
1220 3615 1371 3670 codd.
1408 3616 1540 3670 item
1580 3621 1610 3680 ξ
1636 3617 1719 3670 16.
1916 3616 1971 3683 2)
2007 3616 2069 3668 in
2106 3617 2250 3671 hanc

36 3689 364 3749 provinciam
415 3706 561 3757 susp.
610 3688 854 3743 Lambin.
1079 3690 1132 3755 3)
1171 3687 1553 3755 Expertentur
1593 3687 1784 3754 scripsi
1822 3704 1885 3740 ex
1918 3689 2025 3754 opt.
2064 3688 2246 3741 codd.

44 3759 187 3826 vulgo
226 3763 607 3827 exportantur.
736 3759 794 3826 4)
834 3759 924 3812 Sic
959 3759 1125 3812 Halm
1161 3775 1224 3811 ex
1265 3758 1447 3811 Servio
1487 3757 1557 3811 ad
1593 3758 1753 3825 Verg.
1794 3756 1981 3825 Georg.
2018 3758 2118 3813 III.
2148 3759 2247 3812 64:

38 3829 287 3890 pecuaria
323 3830 653 3898 relinquitur
688 3829 979 3898 PluygerS.
1018 3844 1221 3897 pecora
1255 3828 1650 3895 relinquuntur
1687 3828 1870 3896 vulgo.
1988 3828 2044 3895 5)
2078 3827 2249 3895 iyitur

45 3896 143 3953 add.
178 3900 462 3955 Eberhard
499 3917 561 3954 ex
598 3899 712 3954 cod.
753 3899 870 3954 Col.

113 4001 199 4048 Cic
232 4003 376 4049 Oratt.
408 4002 515 4049 Son.
1790 3993 1830 4049 4
