2669 4354
970 262 1037 300 m
1080 259 1429 301 OAmmAM.
2131 250 2162 304 1
2175 251 2206 304 1
2219 251 2250 304 1

79 430 314 490 confirmo
360 433 516 490 vobis
577 434 800 490 nullum
846 434 1088 505 posthac
1138 435 1350 491 malum
1397 435 1565 493 civile
1625 451 1694 491 ac
1739 434 2119 493 domesticum
2180 437 2255 495 ad

77 520 223 578 ullam
275 522 362 579 rei
418 520 683 594 publicae
727 526 954 593 partem
1000 537 1128 579 esse
1174 526 1496 580 venturum.
1605 522 1742 581 Pari
1804 523 1992 581 studio
2052 524 2253 583 defen-

76 608 267 666 dundae
325 609 416 666 rei
472 608 741 683 publicae
786 610 1124 667 convenisse
1168 609 1340 667 video
1387 611 1648 668 tribunos
1709 611 1969 669 aerarios
1986 657 2001 685 ,
2056 612 2250 672 fortis-

75 697 212 754 simos
265 697 447 770 viros3
529 696 746 754 scribas
803 696 944 754 item
1003 698 1347 770 universos,·
1397 711 1539 768 quos
1599 714 1728 755 cum
1780 714 1917 757 casu
1973 699 2068 757 hic
2124 699 2251 759 dies

75 783 131 840 ad
187 785 475 842 aerarium
538 783 996 857 frequentasset,
1071 784 1237 841 video
1298 784 1370 842 ab
1440 787 1870 858 exspectatione
1937 788 2108 844 sortis
2177 788 2252 846 ad

75 872 279 929 salutem
338 887 704 929 communem
772 887 901 929 esse
958 887 1281 930 conversos,
1383 871 1580 930 Omnis
1638 874 2017 947 ingenuorum
2081 875 2251 933 adest

75 959 361 1032 multitude,
423 959 602 1016 etiam
645 958 1132 1017 tenuissimorum.
1239 958 1377 1030 Quis
1421 963 1574 1018 enim
1621 966 1739 1035 est,
1807 963 1900 1018 cui
1943 978 2058 1019 non
2102 963 2247 1020 haec
2269 964 2350 1021 16

75 1048 279 1121 templa,
338 1051 613 1119 aspectus
663 1047 852 1119 urbis,
910 1048 1199 1119 possessio
1261 1047 1581 1121 libertatiS,
1642 1048 1738 1106 lux
1796 1049 2046 1122 denique
2101 1050 2248 1108 haec

75 1135 166 1204 ipsa
205 1140 262 1193 et
315 1135 430 1193 hoc
453 1129 507 1215 l)
565 1145 868 1192 commune
922 1135 1147 1206 patriae
1209 1134 1392 1191 solum
1454 1151 1581 1192 cum
1605 1130 1657 1216 ²)
1716 1137 1789 1193 sit
1841 1154 2068 1211 carum,
2125 1143 2247 1195 tum

75 1237 174 1278 vero
213 1222 379 1280 dulce
430 1227 606 1294 atque
648 1221 958 1279 iucundum
979 1224 1006 1277 ⁴?
1110 1222 1340 1294 Operae
1394 1224 1647 1294 pretium
1692 1230 1809 1297 est,
1869 1231 2066 1297 patres
2112 1242 2247 1284 con·
2267 1220 2312 1286 8

75 1309 259 1384 scripti,
315 1310 728 1368 libertinorum
788 1310 1082 1367 hominum
1137 1308 1329 1367 studia
1381 1325 1761 1385 cognoscere,
1817 1314 1918 1384 qui
1976 1329 2081 1370 sua
2134 1314 2249 1371 vir-

75 1402 161 1454 :utc
202 1395 496 1456 fortunam
548 1396 722 1454 huius
775 1397 1025 1455 civitatis
1071 1397 1366 1454 consecuti
1410 1396 1559 1455 hanc
1604 1414 1761 1456 suam
1807 1401 2056 1473 patriam
2099 1401 2248 1458 iudi-

75 1489 196 1558 xant,
251 1502 429 1557 quam
475 1484 707 1556 quidam
761 1485 857 1542 hic
900 1485 1022 1542 nati
1083 1490 1142 1542 et
1190 1499 1411 1541 summo
1470 1483 1597 1543 loco
1650 1488 1774 1544 nati
1831 1504 1946 1545 non
1998 1489 2249 1561 patriam

75 1588 216 1645 mam,
274 1574 377 1632 sed
394 1567 455 1650 3)
508 1572 711 1630 urbem
755 1572 1006 1630 hostium
1051 1587 1182 1629 esse
1238 1572 1658 1632 iudicaverunt.
1769 1574 1884 1633 Sed
1940 1576 2079 1647 quid
2136 1591 2246 1648 ego

75 1675 201 1718 iosce
238 1661 510 1718 homines
550 1659 898 1732 ordinesque
917 1654 972 1739 4)
1013 1675 1425 1731 commemor0‚
1472 1676 1611 1732 quos
1649 1662 1913 1733 privatae
1954 1661 2246 1737 fortunae,

75 1764 176 1817 1uos
218 1749 540 1806 communis
584 1764 681 1805 res
724 1747 984 1821 publica,
1024 1763 1167 1819 quos
1201 1747 1453 1819 denique
1498 1748 1770 1822 libertaS,
1819 1765 1890 1807 ea
1921 1765 2072 1820 quae
2118 1749 2247 1808 dul-

75 1834 253 1893 sissima
298 1842 427 1909 est,
493 1834 569 1892 ad
629 1834 876 1892 salutem
920 1836 1148 1907 patriae
1207 1834 1634 1893 defendendam
1692 1837 2007 1894 excitavit?
2112 1836 2247 1895 Ser-

75 1939 139 1979 ms
172 1924 259 1982 est
295 1938 502 1994 nem0,
564 1923 664 1994 qui
704 1922 873 1981 modo
919 1922 1214 1981 tolerabili
1260 1922 1598 1981 condicione
1644 1924 1717 1980 sit
1767 1925 2087 1998 servitutiS,
2149 1926 2244 1996 qui
2312 1984 2315 1987 ,

75 2025 152 2066 1011
196 2011 501 2070 audaciam
548 2010 758 2067 civium
800 2010 1206 2084 perhorrescat
1221 2053 1237 2083 ,
1302 2011 1401 2081 qui
1446 2026 1562 2067 non
1621 2011 1768 2069 haec
1827 2016 1982 2070 stare
2030 2012 2243 2086 cupiat,

75 2097 138 2168 lui
174 2115 279 2156 non
335 2103 571 2156 tantum
588 2091 641 2176 ⁶)
661 2142 676 2170 ,
737 2103 1011 2170 quantum
1056 2096 1236 2155 audet
1281 2102 1341 2156 et
1385 2103 1659 2170 quantum
1704 2102 1925 2172 potest,
1982 2099 2246 2158 conferat

75 2185 119 2241 ul
162 2204 518 2245 communem
537 2180 590 2266 ⁶)
650 2186 898 2244 salutem
955 2186 1284 2244 voluntatis
1402 2186 1591 2257 Quare
1652 2188 1702 2244 si
1763 2204 1934 2259 quem
1991 2195 2243 2247 vestrum
2266 2189 2344 2245 17

75 2269 179 2333 t'orte
222 2279 550 2333 commovet
608 2273 744 2346 hoc,
791 2273 942 2346 quod
986 2274 1243 2332 auditum
1288 2277 1408 2347 est,
1454 2274 1724 2333 lenonem
1768 2276 2056 2348 quendam
2091 2277 2245 2336 Len-

75 2362 142 2417 uli
178 2379 525 2421 concursare
575 2361 789 2418 circum
839 2361 1110 2419 tabernas
1129 2406 1144 2435 ,
1204 2361 1393 2433 pretio
1437 2378 1674 2434 sperare
1720 2363 2018 2422 sollicitari
2075 2380 2243 2438 posse

75 2450 241 2508 mimos
305 2449 608 2524 egentium
668 2454 841 2521 atque
906 2450 1304 2521 imperitorum
1323 2493 1339 2521 ‚
1415 2455 1502 2506 est
1561 2449 1623 2506 id
1682 2450 1913 2522 quidem
1975 2458 2244 2526 coeptum

75 2540 197 2608 itque
240 2541 618 2612 temptatum,
679 2536 782 2595 sed
826 2536 971 2594 nulli
1016 2543 1151 2594 sunt
1195 2536 1417 2594 inventi
1460 2541 1578 2593 tam
1624 2544 1727 2596 aut
1769 2536 2000 2598 fortuna
2044 2540 2243 2598 miseri

75 2629 136 2681 tut
172 2627 464 2685 voluntate
521 2623 765 2698 perditi,
821 2625 919 2696 qui
972 2641 1086 2682 non
1136 2623 1302 2681 illum
1346 2624 1535 2697 ipsum
1585 2624 1765 2683 sellae
1826 2631 2003 2699 atque
2048 2628 2241 2702 operis

75 2716 104 2766 ει
153 2720 420 2784 quaestus
483 2712 760 2770 cotidiani
820 2712 1007 2769 locum
1026 2757 1041 2785 ,
1118 2712 1216 2784 qui
1281 2727 1400 2768 non
1467 2711 1657 2770 cubile
1727 2718 1900 2786 atque
1964 2715 2241 2773 lectulum

75 2815 216 2875 uum,
272 2802 371 2874 qui
435 2800 688 2872 denique
742 2815 857 2856 non
920 2815 1149 2857 cursum
1198 2800 1354 2857 hunc
1410 2799 1655 2857 otiosum
1712 2801 1868 2860 vitae
1928 2817 2069 2860 suae
2128 2803 2241 2859 sal-

75 2902 162 2944 um
225 2905 352 2948 esse
422 2888 622 2946 velint.
742 2887 930 2945 Multo
995 2903 1134 2945 vero
1195 2887 1445 2945 maxima
1509 2903 1645 2959 pars
1707 2904 1932 2962 eorum,
2010 2890 2110 2962 qui
2176 2890 2240 2947 in

76 2973 277 3033 abel-nis
323 2981 494 3049 sunt,
537 2976 712 3033 immo
753 2990 892 3033 vero
917 2969 969 3054 ⁷)
1018 3008 1096 3015 —
1145 2975 1206 3032 id
1252 2976 1408 3033 enim
1446 2976 1636 3046 potius
1685 2982 1774 3033 est
1818 2976 2123 3035 dicendum
2156 3009 2239 3017 --

75 3076 204 3128 genus
259 3065 372 3122 hoc
447 3063 782 3121 universum
856 3063 1311 3120 amantissimum
1387 3068 1477 3120 est
1536 3064 1655 3120 otii.
1772 3062 2008 3122 Etenim
2069 3080 2238 3121 omne

75 3155 467 3210 nstrumentum
482 3196 497 3224 ,
578 3151 761 3208 omnis
819 3166 998 3223 opera
1075 3155 1248 3224 atque
1308 3154 1583 3223 quaestus
1641 3150 1971 3223 frequentia
2029 3152 2240 3210 civium

75 3242 409 3313 ustentatur,
487 3239 668 3296 alitur
723 3238 873 3312 oti03
934 3253 1174 3311 quorum
1232 3239 1283 3296 si
1345 3243 1620 3310 quaestus
1677 3239 1922 3298 occlusis
1980 3240 2240 3299 tabernis

75 3324 203 3383 uinui
245 3328 424 3401 solet,
471 3327 614 3399 quid
658 3326 893 3385 tandem
935 3326 1189 3385 incensis
1231 3324 1491 3384 futurum
1535 3323 1682 3384 fuit?

170 3511 222 3577 1)
257 3510 356 3564 hoc
393 3526 495 3564 om.
533 3509 810 3563 Eberhard
848 3525 890 3562 c.
929 3506 1080 3561 codd.
1119 3509 1411 3562 nonnullis
1556 3507 1611 3576 2)
1647 3523 1769 3562 cum
1804 3508 2007 3565 deest
1991 3530 2049 3565 m
2085 3510 2238 3569 codd.

78 3593 145 3630 ere
186 3581 443 3635 omnibus.
658 3580 712 3647 3)
760 3593 874 3631 non
913 3577 1163 3645 patriam
1211 3594 1374 3632 suam
1425 3578 1520 3631 sed
1559 3580 1713 3633 uncis
1763 3580 1889 3636 incl
1944 3582 2239 3639 Eberhard.

75 3644 101 3712 )
132 3648 275 3704 hosce
310 3650 550 3704 homines
586 3648 907 3716 ordinesque
944 3648 1095 3702 codd.
1147 3651 1281 3718 opt„
1337 3651 1499 3716 vulgo
1539 3667 1601 3704 ex
1639 3650 1771 3706 dett.
1828 3651 2051 3708 huiusce
2095 3653 2239 3707 ordi-

75 3717 127 3769 tis
157 3718 403 3775 homines.
512 3722 568 3787 5)
606 3726 823 3773 tantum
859 3735 960 3772 om.
1000 3692 1281 3772 Eberhard
1311 3736 1353 3773 c
1393 3720 1545 3776 codd.
1582 3722 1877 3777 nonnullis,
1986 3725 2041 3791 6)
2086 3724 2236 3777 Gom-

75 3801 240 3842 mmem
275 3790 427 3845 deest
461 3792 518 3843 in
557 3789 708 3844 codd.
740 3789 1037 3859 nonnuUiS,
1078 3805 1177 3843 om.
1216 3791 1441 3870 Kayser.
1575 3793 1628 3859 ’7)
1666 3792 1828 3846 immo
1863 3808 1986 3847 vero
2021 3794 2235 3848 Ernest.

75 3859 103 3908 t
130 3860 339 3930 Madvig
372 3880 433 3916 ex
471 3877 574 3915 uno
609 3862 860 3929 Lagom.;
901 3864 1002 3913 cet.
1024 3832 1192 3914 codd.
1232 3860 1347 3913 nisi
1378 3877 1519 3915 vero.
