2669 4354
915 258 1026 299 rno
1070 260 1120 298 r.
1167 257 1385 298 susam.
2135 240 2259 300 253

94 324 773 333 Hm
794 328 1135 334 ,ᾠ--ᾠ-

223 429 534 489 Videamus
563 448 715 490 nunc
746 431 981 490 comitia
1010 431 1465 505 magistratuum.
1532 429 1674 488 Fuit
1718 431 2043 504 conlegium
2078 448 2264 504 nuper
2279 424 2369 493 53

80 518 446 592 tribunicium,
515 520 573 576 in
643 537 756 592 quo
817 525 939 577 tres
1002 520 1264 592 minime,
1330 519 1710 578 vehementer
1774 518 1890 579 duo
1954 520 2265 592 populares
2286 520 2410 578 113

81 607 543 665 existimabantur.
633 607 722 665 Ex
767 608 840 665 iis
856 652 872 681 ,
935 608 1033 680 qui
1085 607 1401 681 populares
1444 623 1558 679 non
1614 606 2003 681 habebantur,
2062 608 2266 680 quibus

82 694 126 750 in
180 695 275 752 illo
335 712 555 768 genere
609 696 1017 754 conductarum
1073 696 1403 753 contionum
1449 694 1798 752 consistendi
1850 700 2107 767 potestas
2151 712 2267 754 non

81 788 206 855 erat,
266 783 384 841 duo
450 799 486 840 a
550 785 759 856 populo
814 782 1074 842 Romano
1133 788 1436 855 praetores
1499 782 1668 840 video
1730 799 1858 841 esse
1920 782 2131 842 factos:
2206 789 2267 842 et

81 876 328 941 quantum
368 871 727 931 sermonibus
762 872 916 945 volgi
963 876 1024 930 et
1067 869 1355 944 suffragiis
1393 870 1737 944 intellegere
1781 872 1969 944 potui,
2014 886 2156 944 prae
2201 887 2263 929 se

78 958 290 1030 populus
345 958 640 1018 Romanus
707 958 937 1018 ferebat
1004 958 1114 1017 sibi
1181 959 1344 1020 illum
1410 958 1469 1015 in
1537 958 1833 1016 tribunatu
1878 959 1979 1018 On.
2025 959 2266 1017 Domitii

79 1046 301 1104 animum
347 1053 707 1105 constantem
747 1054 807 1105 et
849 1048 1143 1120 egregium
1188 1052 1250 1103 et
1293 1046 1358 1117 Q.
1390 1046 1669 1103 Ancharii
1708 1043 1878 1105 fidem
1927 1064 1996 1105 ac
2040 1043 2269 1105 fortitu-

77 1133 239 1192 dinem
258 1179 271 1203 ,
343 1136 520 1194 etiam
576 1137 624 1192 si
679 1136 821 1193 nihil
883 1152 1058 1209 agere
1121 1135 1468 1207 potuissent,
1536 1140 1733 1193 tamen
1789 1137 2083 1194 voluntate
2138 1135 2267 1209 ipsa

78 1228 270 1293 gratam
298 1217 349 1305 ¹)
388 1222 583 1281 fuisse.
661 1224 784 1281 Iam
816 1223 887 1282 de
920 1223 981 1280 C.
1012 1223 1239 1281 Fannio
1268 1237 1416 1294 quae
1450 1222 1526 1279 sit
1556 1224 1931 1297 existimatiO,
1976 1222 2264 1282 videmus:

78 1311 202 1380 quod
268 1312 545 1369 iudicium
612 1312 809 1385 populi
852 1311 1099 1370 Romani
1167 1312 1229 1367 in
1294 1310 1607 1368 honoribus
1676 1312 1800 1369 eius
1860 1310 2115 1370 futurum
2174 1312 2267 1385 sit,

12 1407 19 1472 ξ
78 1400 269 1457 nemini
314 1399 551 1457 dubium
600 1416 728 1458 esse
774 1398 965 1458 debet.
1042 1397 1232 1468 Quid?
1303 1399 1611 1470 populares
1654 1400 1740 1456 illi
1788 1399 1901 1458 duo
1945 1399 2086 1472 quid
2132 1415 2268 1473 ege·
2288 1398 2414 1456 114

10 1499 21 1578 ξ
76 1480 279 1567 mnt²)‘?
369 1488 556 1557 Alter,
602 1489 699 1560 qui
746 1493 941 1545 tamen
986 1504 1049 1546 se
1096 1488 1481 1556 continuerat,
1527 1486 1744 1544 tulerat
1788 1488 1959 1561 nihil,
2005 1492 2272 1547 senserat

77 1577 269 1632 tantum
316 1576 390 1634 de
439 1592 504 1632 re
562 1576 796 1648 publica
849 1574 1006 1633 aliud
1053 1580 1225 1646 atque
1269 1574 1532 1632 homines
1577 1575 2017 1648 exspectabant,
2076 1576 2165 1633 vir
2209 1581 2270 1634 et

77 1660 230 1722 bonus
287 1670 347 1722 et
392 1665 672 1722 innocens
723 1670 783 1722 et
825 1663 991 1722 bonis
1034 1664 1173 1721 viris
1212 1678 1441 1734 semper
1484 1662 1791 1735 probatus,
1858 1663 2008 1736 quod
2065 1680 2266 1736 parum

12 1765 19 1850 ξ
77 1749 324 1810 videlicet
369 1752 663 1809 intellexit
706 1753 765 1810 in
812 1752 1141 1824 tribunatu,
1187 1748 1323 1823 quid
1367 1766 1507 1807 vero
1544 1750 1756 1823 populo
1796 1750 2165 1824 probaretur,
2210 1755 2272 1808 et

14 1853 21 1902 ’ς
78 1838 199 1907 quod
246 1839 415 1896 illum
462 1856 591 1897 esse
633 1841 903 1912 populum
950 1839 1296 1910 Romanum,
1356 1839 1455 1910 qui
1492 1839 1554 1895 in
1600 1839 1865 1897 contione
1903 1844 2062 1912 erat,
2116 1837 2271 1896 arbi·-

12 1921 21 1982 ὲ
78 1926 352 1999 trabatur,
414 1943 530 1985 non
590 1929 779 1985 tenuit
823 1943 952 1985 eum
999 1928 1181 1985 locum
1199 1971 1214 1999 ,
1272 1926 1336 1982 in
1378 1942 1578 1998 quem,
1639 1926 1750 1983 nisi
1794 1927 2090 2000 popularis
2139 1942 2267 1984 esse

12 2015 23 2156 f
76 2013 359 2088 voluisset,
431 2013 708 2073 facillime
768 2016 1143 2087 pervenisset.
1245 2013 1438 2085 Alter,
1499 2013 1594 2085 qui
1639 2014 1722 2072 ita
1775 2031 1837 2072 se
1892 2014 1953 2071 in
2004 2014 2270 2087 populari

12 2159 13 2162 ,
73 2102 271 2161 ratione
308 2103 561 2161 iactarat
578 2147 592 2175 ,
640 2108 703 2160 ut
729 2103 1014 2175 auspicia,
1060 2103 1245 2175 legem
1278 2101 1507 2159 Aeliam
1524 2146 1539 2174 ,
1580 2108 1813 2161 senatus
1843 2102 2270 2175 auctoritatem,

12 2200 19 2259 3
75 2194 370 2264 consulem,
434 2193 735 2264 conlegas,
798 2190 1075 2250 bonorum
1122 2191 1396 2248 iudicium
1453 2190 1619 2248 nihili
1644 2185 1697 2273 ⁸)
1742 2195 2005 2264 putaret,
2065 2190 2270 2249 aedili-

12 2344 13 2349 *
76 2281 226 2336 tatem
284 2280 493 2351 petivit
549 2297 676 2337 cum
745 2279 909 2337 bonis
971 2279 1108 2337 viris
1178 2283 1238 2335 et
1294 2278 1618 2337 hominibus
1683 2279 1915 2353 primiS,
1986 2278 2090 2337 sed
2153 2295 2271 2337 non

75 2368 557 2434 praestantissimis
589 2366 795 2440 opibus
827 2373 887 2425 et
917 2368 1130 2439 gratia:
1174 2366 1387 2424 tribum
1416 2383 1577 2424 suam
1608 2384 1725 2425 non
1755 2366 1913 2440 tulit,
1943 2366 2271 2425 Palatinam

12 2451 322 2528 denique,
386 2472 494 2527 per
551 2471 723 2527 quam
783 2470 983 2513 omnes
1041 2455 1176 2512 illae
1218 2459 1415 2527 pestes
1470 2470 1681 2513 vexare
1728 2471 1852 2513 rem
1902 2453 2192 2528 publicam
2215 2449 2272 2533 ⁴)

77 2539 391 2601 dicebantur
412 2536 498 2621 5),
562 2542 847 2615 perdidit,
903 2558 1013 2600 nec
1067 2542 1372 2614 quicquam
1428 2543 1542 2600 illis
1607 2543 1880 2615 comitiiS,
1942 2542 2093 2614 quod
2134 2543 2271 2601 boni

76 2628 164 2686 viri
198 2631 450 2703 vellent,
509 2631 620 2688 nisi
665 2631 957 2703 repulsam
1002 2630 1155 2688 tulit.
1246 2628 1470 2687 Videtis
1527 2630 1706 2703 igitur
1750 2632 2019 2704 populum
2066 2631 2271 2704 ipsum,

14 2726 25 2793 Ι
76 2721 127 2772 ut
160 2718 238 2775 ita
278 2718 502 2791 dicam,
557 2719 671 2775 iam
718 2735 833 2776 non
879 2735 1005 2777 esse
1050 2718 1417 2791 popularem,
1477 2720 1573 2790 qui
1612 2718 1695 2775 ita
1733 2718 2111 2777 vehementer
2153 2734 2272 2791 eos,

14 2810 23 2843 ἑ
75 2805 153 2874 qui
190 2807 498 2881 populares
543 2806 858 2879 habentur,
914 2812 1180 2879 respuat,
1240 2821 1339 2863 eos
1388 2812 1582 2863 autem
1599 2850 1615 2879 ,
1678 2807 1775 2877 qui
1821 2807 1877 2863 ei
1924 2807 2127 2879 generi
2171 2806 2272 2864 ad-

22 2946 23 2949 ,
74 2901 381 2968 versantur,
428 2895 651 2953 honore
698 2893 1063 2967 dignissimos
1103 2893 1341 2952 iudicet.

228 2984 544 3041 Veniamus
590 2982 665 3040 ad
711 2981 890 3041 ludos.
968 2981 1138 3038 Facit
1168 2981 1351 3053 enim,
1395 2980 1642 3054 iudiceS,
1687 2987 1880 3039 vester
1916 2981 2026 3040 iste
2071 2980 2134 3040 in
2177 2997 2271 3039 me
2291 2968 2386 3037 54

73 3068 368 3129 animorum
410 3070 819 3143 oculorumque
867 3070 1163 3127 coniectus
1186 3063 1267 3147 ⁶),
1338 3072 1404 3126 ut
1464 3068 1603 3125 mihi
1659 3069 1772 3126 iam
1832 3068 2014 3127 licere
2071 3074 2271 3142 putem
2293 3063 2419 3123 115

73 3159 376 3217 remissiore
423 3158 511 3215 uti
557 3174 772 3231 genere
817 3156 1067 3216 dicendi.
1159 3155 1533 3215 Comitiorum
1578 3161 1638 3213 et
1683 3157 2010 3214 contionum
2056 3154 2275 3231 signifi-

74 3244 305 3304 cationes
350 3251 487 3304 sunt
532 3245 823 3304 interdum
870 3260 1043 3303 verae
1071 3239 1150 3323 ⁷),
1195 3249 1328 3303 sunt
1359 3255 1789 3316 nonnumquam
1830 3244 2067 3303 vitiatae
2100 3249 2273 3317 atque

196 3517 245 3582 1)
283 3515 450 3570 Codd.
485 3521 744 3583 yratum5
777 3521 1002 3582 gyratam
1039 3515 1105 3568 de
1125 3514 1357 3567 Manutii
1396 3531 1540 3585 susp.
1569 3515 1840 3577 Lambin.;
1875 3516 2275 3583 qrataWesen-

73 3582 204 3652 berg.
374 3588 431 3653 2)
483 3585 618 3652 quid
663 3590 885 3653 eperum
919 3585 1187 3653 Pluygers
1233 3588 1289 3638 et
1326 3586 1537 3651 Kayser
1586 3585 1737 3639 uncis
1777 3587 1901 3640 incl.
2081 3587 2135 3650 3)
2187 3587 2277 3641 Sic

75 3627 362 3721 Hotomanq
402 3656 563 3725 vulgo
600 3655 756 3709 nihil.
878 3657 935 3721 4)
976 3670 1092 3707 rem
1124 3654 1404 3722 publicam
1442 3671 1540 3711 scr.
1580 3654 1872 3719 Garatoni,
1913 3655 2063 3709 codd.
2094 3673 2274 3724 popu-

74 3722 169 3777 lum
208 3725 529 3779 Romanum.
652 3728 709 3792 5)
745 3724 1101 3779 ordiebantur
1139 3724 1438 3792 Eberhard,
1477 3725 1656 3779 nescio
1695 3742 1764 3778 an
1802 3730 1962 3779 recte.
2090 3727 2145 3793 6)
2184 3727 2274 3780 Sic

74 3792 325 3859 Lambin;
362 3796 509 3850 codd.
549 3800 834 3849 contectus.
1016 3797 1069 3863 7)
1122 3795 1299 3848 Verba
1334 3800 1469 3848 sumt
1503 3794 1783 3849 interdu-m
1819 3812 1976 3849 verae
2012 3796 2068 3848 in
2099 3796 2270 3851 Paris.

76 3864 129 3917 ab
155 3882 256 3920 rec.
290 3884 446 3921 manu
486 3882 747 3935 superscr.
786 3867 963 3921 lineae
1001 3869 1157 3931 sunt,
1193 3881 1294 3920 om.
1333 3866 1526 3936 Halm,
1565 3865 1801 3935 Kayser,
1839 3866 2135 3921 Eberhard.
