<?xml version="1.0" encoding="UTF-8"?>
<!DOCTYPE html PUBLIC "-//W3C//DTD XHTML 1.0 Transitional//EN"
    "http://www.w3.org/TR/xhtml1/DTD/xhtml1-transitional.dtd">
<html xmlns="http://www.w3.org/1999/xhtml" xml:lang="en" lang="en">
 <head>
  <title>
</title>
<meta http-equiv="Content-Type" content="text/html;charset=utf-8" />
  <meta name='ocr-system' content='tesseract 3.04.00' />
  <meta name='ocr-capabilities' content='ocr_page ocr_carea ocr_par ocr_line ocrx_word'/>
</head>
<body>
  <div class='ocr_page' id='page_1' title='image "./orationesselect02cicegoog/orationesselect02cicegoog_0330.png"; bbox 0 0 2669 4354; ppageno 0'>
   <div class='ocr_carea' id='block_1_1' title="bbox 449 241 1895 301">
    <p class='ocr_par' dir='ltr' id='par_1_1' title="bbox 449 241 1895 301">
     <span class='ocr_line' id='line_1_1' title="bbox 449 241 1895 301; baseline 0.002 -3"><span class='ocrx_word' id='word_1_1' title='bbox 449 241 575 298; x_wconf 85' lang='lat'><strong>314</strong></span> <span class='ocrx_word' id='word_1_2' title='bbox 916 244 922 250; x_wconf 87' lang='grc'>’</span> <span class='ocrx_word' id='word_1_3' title='bbox 1206 259 1489 300; x_wconf 71' lang='lat' dir='ltr'><strong>AcovsA&#39;r.</strong></span> <span class='ocrx_word' id='word_1_4' title='bbox 1534 260 1601 300; x_wconf 77' lang='lat' dir='ltr'><strong>m</strong></span> <span class='ocrx_word' id='word_1_5' title='bbox 1648 262 1895 301; x_wconf 61' lang='lat' dir='ltr'><strong>viennam</strong></span> 
     </span>
    </p>
   </div>
   <div class='ocr_carea' id='block_1_2' title="bbox 445 326 614 332">
    <p class='ocr_par' dir='ltr' id='par_1_2' title="bbox 445 326 614 332">
     <span class='ocr_line' id='line_1_2' title="bbox 445 326 614 332; baseline 0 0"><span class='ocrx_word' id='word_1_6' title='bbox 445 326 614 332; x_wconf 95' lang='lat' dir='ltr'><strong> </strong></span> 
     </span>
    </p>
   </div>
   <div class='ocr_carea' id='block_1_3' title="bbox 323 429 2639 3399">
    <p class='ocr_par' dir='ltr' id='par_1_3' title="bbox 441 429 2606 1031">
     <span class='ocr_line' id='line_1_3' title="bbox 447 429 2602 506; baseline 0 -19"><span class='ocrx_word' id='word_1_7' title='bbox 447 429 673 501; x_wconf 90' lang='lat' dir='ltr'><strong>quidem</strong></span> <span class='ocrx_word' id='word_1_8' title='bbox 752 437 911 489; x_wconf 87' lang='lat' dir='ltr'><strong>certe</strong></span> <span class='ocrx_word' id='word_1_9' title='bbox 985 448 1089 505; x_wconf 90' lang='lat' dir='ltr'><strong>pro</strong></span> <span class='ocrx_word' id='word_1_10' title='bbox 1162 433 1476 504; x_wconf 85' lang='lat' dir='ltr'><strong>lepusculis</strong></span> <span class='ocrx_word' id='word_1_11' title='bbox 1552 432 1956 506; x_wconf 83' lang='lat' dir='ltr'>capiebantur,</span> <span class='ocrx_word' id='word_1_12' title='bbox 2035 433 2320 506; x_wconf 87' lang='lat' dir='ltr'><strong>patellae,</strong></span> <span class='ocrx_word' id='word_1_13' title='bbox 2401 440 2602 505; x_wconf 80' lang='lat' dir='ltr'><strong>paterae,</strong></span> 
     </span>
     <span class='ocr_line' id='line_1_4' title="bbox 445 518 2604 593; baseline 0 -19"><span class='ocrx_word' id='word_1_14' title='bbox 445 518 715 576; x_wconf 89' lang='lat' dir='ltr'><strong>turibula.</strong></span> <span class='ocrx_word' id='word_1_15' title='bbox 807 519 918 577; x_wconf 92' lang='lat' dir='ltr'><strong>Hic</strong></span> <span class='ocrx_word' id='word_1_16' title='bbox 964 536 1106 592; x_wconf 91' lang='lat' dir='ltr'><strong>quos</strong></span> <span class='ocrx_word' id='word_1_17' title='bbox 1148 522 1366 592; x_wconf 86' lang='lat' dir='ltr'><strong>putatis</strong></span> <span class='ocrx_word' id='word_1_18' title='bbox 1410 518 1582 577; x_wconf 91' lang='lat' dir='ltr'><strong>fletus</strong></span> <span class='ocrx_word' id='word_1_19' title='bbox 1626 521 1964 593; x_wconf 86' lang='lat' dir='ltr'><strong>mulierum,</strong></span> <span class='ocrx_word' id='word_1_20' title='bbox 2027 537 2168 592; x_wconf 90' lang='lat' dir='ltr'><strong>quas</strong></span> <span class='ocrx_word' id='word_1_21' title='bbox 2212 522 2604 580; x_wconf 80' lang='lat' dir='ltr'><strong>lamentationes</strong></span> 
     </span>
     <span class='ocr_line' id='line_1_5' title="bbox 444 603 2604 681; baseline 0.001 -18"><span class='ocrx_word' id='word_1_22' title='bbox 444 604 571 663; x_wconf 90' lang='lat' dir='ltr'><strong>fieri</strong></span> <span class='ocrx_word' id='word_1_23' title='bbox 624 606 824 664; x_wconf 87' lang='lat' dir='ltr'><strong>solitas</strong></span> <span class='ocrx_word' id='word_1_24' title='bbox 869 625 997 666; x_wconf 89' lang='lat' dir='ltr'><strong>esse</strong></span> <span class='ocrx_word' id='word_1_25' title='bbox 1042 608 1103 664; x_wconf 93' lang='lat' dir='ltr'><strong>in</strong></span> <span class='ocrx_word' id='word_1_26' title='bbox 1146 606 1307 665; x_wconf 90' lang='lat' dir='ltr'><strong>hisce</strong></span> <span class='ocrx_word' id='word_1_27' title='bbox 1354 608 1570 666; x_wconf 80' lang='lat' dir='ltr'><strong>rebus?</strong></span> <span class='ocrx_word' id='word_1_28' title='bbox 1635 623 1784 678; x_wconf 87' lang='lat' dir='ltr'><strong>quae</strong></span> <span class='ocrx_word' id='word_1_29' title='bbox 1845 608 2091 665; x_wconf 82' lang='lat' dir='ltr'><strong>forsitan</strong></span> <span class='ocrx_word' id='word_1_30' title='bbox 2149 608 2314 666; x_wconf 83' lang='lat' dir='ltr'><strong>vobis</strong></span> <span class='ocrx_word' id='word_1_31' title='bbox 2372 625 2556 681; x_wconf 84' lang='lat' dir='ltr'><strong>parvae</strong></span> <span class='ocrx_word' id='word_1_32' title='bbox 2572 603 2604 676; x_wconf 73' lang='lat'><strong>¹)</strong></span> 
     </span>
     <span class='ocr_line' id='line_1_6' title="bbox 444 693 2605 768; baseline 0 -17"><span class='ocrx_word' id='word_1_33' title='bbox 444 709 572 752; x_wconf 87' lang='lat' dir='ltr'><strong>esse</strong></span> <span class='ocrx_word' id='word_1_34' title='bbox 620 693 958 768; x_wconf 92' lang='lat' dir='ltr'><strong>videantur,</strong></span> <span class='ocrx_word' id='word_1_35' title='bbox 1016 695 1120 753; x_wconf 92' lang='lat' dir='ltr'><strong>sed</strong></span> <span class='ocrx_word' id='word_1_36' title='bbox 1177 711 1447 768; x_wconf 86' lang='lat' dir='ltr'><strong>magnum</strong></span> <span class='ocrx_word' id='word_1_37' title='bbox 1509 701 1569 753; x_wconf 94' lang='lat' dir='ltr'><strong>et</strong></span> <span class='ocrx_word' id='word_1_38' title='bbox 1628 695 1900 753; x_wconf 90' lang='lat' dir='ltr'><strong>acerbum</strong></span> <span class='ocrx_word' id='word_1_39' title='bbox 1963 696 2219 753; x_wconf 88' lang='lat' dir='ltr'><strong>dolorem</strong></span> <span class='ocrx_word' id='word_1_40' title='bbox 2284 701 2605 767; x_wconf 85' lang='lat' dir='ltr'><strong>commovent,</strong></span> 
     </span>
     <span class='ocr_line' id='line_1_7' title="bbox 443 776 2605 861; baseline 0 -23"><span class='ocrx_word' id='word_1_41' title='bbox 443 782 795 840; x_wconf 80' lang='lat' dir='ltr'><strong>mulierculis</strong></span> <span class='ocrx_word' id='word_1_42' title='bbox 839 785 1185 855; x_wconf 88' lang='lat' dir='ltr'><strong>praesertim</strong></span> <span class='ocrx_word' id='word_1_43' title='bbox 1202 827 1217 855; x_wconf 97' lang='lat'><strong>,</strong></span> <span class='ocrx_word' id='word_1_44' title='bbox 1282 800 1412 849; x_wconf 90' lang='lat' dir='ltr'><strong>cum</strong></span> <span class='ocrx_word' id='word_1_45' title='bbox 1433 776 1484 861; x_wconf 78' lang='lat'><strong>²)</strong></span> <span class='ocrx_word' id='word_1_46' title='bbox 1530 783 1858 855; x_wconf 89' lang='lat' dir='ltr'><strong>eripiuntur</strong></span> <span class='ocrx_word' id='word_1_47' title='bbox 1904 800 1937 841; x_wconf 92' lang='lat' dir='ltr'><strong>e</strong></span> <span class='ocrx_word' id='word_1_48' title='bbox 1985 784 2247 842; x_wconf 89' lang='lat' dir='ltr'><strong>manibus</strong></span> <span class='ocrx_word' id='word_1_49' title='bbox 2292 800 2388 855; x_wconf 88' lang='lat' dir='ltr'><strong>ea,</strong></span> <span class='ocrx_word' id='word_1_50' title='bbox 2449 784 2605 857; x_wconf 91' lang='lat' dir='ltr'><strong>quibus</strong></span> 
     </span>
     <span class='ocr_line' id='line_1_8' title="bbox 442 869 2606 945; baseline -0 -18"><span class='ocrx_word' id='word_1_51' title='bbox 442 869 517 927; x_wconf 88' lang='lat' dir='ltr'><strong>ad</strong></span> <span class='ocrx_word' id='word_1_52' title='bbox 559 886 656 927; x_wconf 89' lang='lat' dir='ltr'><strong>res</strong></span> <span class='ocrx_word' id='word_1_53' title='bbox 702 869 922 929; x_wconf 85' lang='lat' dir='ltr'><strong>divinas</strong></span> <span class='ocrx_word' id='word_1_54' title='bbox 963 873 1047 929; x_wconf 94' lang='lat' dir='ltr'><strong>uti</strong></span> <span class='ocrx_word' id='word_1_55' title='bbox 1094 876 1474 941; x_wconf 90' lang='lat' dir='ltr'><strong>consuerunt,</strong></span> <span class='ocrx_word' id='word_1_56' title='bbox 1529 887 1677 942; x_wconf 91' lang='lat' dir='ltr'><strong>quae</strong></span> <span class='ocrx_word' id='word_1_57' title='bbox 1725 887 1761 928; x_wconf 90' lang='lat' dir='ltr'><strong>a</strong></span> <span class='ocrx_word' id='word_1_58' title='bbox 1805 871 1923 928; x_wconf 90' lang='lat' dir='ltr'><strong>suis</strong></span> <span class='ocrx_word' id='word_1_59' title='bbox 1969 878 2356 945; x_wconf 90' lang='lat' dir='ltr'><strong>acceperunt,</strong></span> <span class='ocrx_word' id='word_1_60' title='bbox 2402 871 2606 945; x_wconf 83' lang='lat' dir='ltr'><strong>quaein</strong></span> 
     </span>
     <span class='ocr_line' id='line_1_9' title="bbox 441 955 1223 1031; baseline 0.001 -17"><span class='ocrx_word' id='word_1_61' title='bbox 441 955 663 1015; x_wconf 87' lang='lat' dir='ltr'><strong>familia</strong></span> <span class='ocrx_word' id='word_1_62' title='bbox 706 973 938 1031; x_wconf 82' lang='lat' dir='ltr'><strong>semper</strong></span> <span class='ocrx_word' id='word_1_63' title='bbox 973 957 1223 1016; x_wconf 83' lang='lat' dir='ltr'><strong>fuerunt.</strong></span> 
     </span>
    </p>

    <p class='ocr_par' dir='ltr' id='par_1_4' title="bbox 328 1027 2606 1119">
     <span class='ocr_line' id='line_1_10' title="bbox 328 1027 2606 1119; baseline 0.001 -17"><span class='ocrx_word' id='word_1_64' title='bbox 328 1027 419 1094; x_wconf 69' lang='lat'><strong>22</strong></span> <span class='ocrx_word' id='word_1_65' title='bbox 613 1046 725 1102; x_wconf 92' lang='lat' dir='ltr'><strong>Hic</strong></span> <span class='ocrx_word' id='word_1_66' title='bbox 791 1047 970 1104; x_wconf 90' lang='lat' dir='ltr'><strong>nolite</strong></span> <span class='ocrx_word' id='word_1_67' title='bbox 1040 1052 1410 1119; x_wconf 87' lang='lat' dir='ltr'><strong>exspectare,</strong></span> <span class='ocrx_word' id='word_1_68' title='bbox 1490 1044 1624 1102; x_wconf 91' lang='lat' dir='ltr'><strong>dum</strong></span> <span class='ocrx_word' id='word_1_69' title='bbox 1696 1061 1803 1117; x_wconf 92' lang='lat' dir='ltr'><strong>ego</strong></span> <span class='ocrx_word' id='word_1_70' title='bbox 1871 1046 2016 1103; x_wconf 89' lang='lat' dir='ltr'><strong>haec</strong></span> <span class='ocrx_word' id='word_1_71' title='bbox 2099 1047 2344 1104; x_wconf 92' lang='lat' dir='ltr'><strong>crimina</strong></span> <span class='ocrx_word' id='word_1_72' title='bbox 2409 1063 2558 1119; x_wconf 86' lang='lat' dir='ltr'><strong>agam</strong></span> <span class='ocrx_word' id='word_1_73' title='bbox 2573 1038 2606 1119; x_wconf 76' lang='lat'><strong>3)</strong></span> 
     </span>
    </p>

    <p class='ocr_par' dir='ltr' id='par_1_5' title="bbox 336 1122 2639 2435">
     <span class='ocr_line' id='line_1_11' title="bbox 336 1122 2607 1206; baseline 0.001 -18"><span class='ocrx_word' id='word_1_74' title='bbox 336 1122 419 1180; x_wconf 85' lang='lat'><strong>48</strong></span> <span class='ocrx_word' id='word_1_75' title='bbox 440 1133 725 1206; x_wconf 79' lang='lat' dir='ltr'><strong>ostiatim,</strong></span> <span class='ocrx_word' id='word_1_76' title='bbox 796 1133 869 1191; x_wconf 92' lang='lat' dir='ltr'><strong>ab</strong></span> <span class='ocrx_word' id='word_1_77' title='bbox 935 1134 1224 1206; x_wconf 84' lang='lat' dir='ltr'><strong>Aeschylo</strong></span> <span class='ocrx_word' id='word_1_78' title='bbox 1291 1132 1688 1206; x_wconf 87' lang='lat' dir='ltr'><strong>Tyndaritano</strong></span> <span class='ocrx_word' id='word_1_79' title='bbox 1755 1134 1927 1191; x_wconf 86' lang='lat' dir='ltr'><strong>istum</strong></span> <span class='ocrx_word' id='word_1_80' title='bbox 1994 1139 2261 1206; x_wconf 90' lang='lat' dir='ltr'><strong>pateram</strong></span> <span class='ocrx_word' id='word_1_81' title='bbox 2331 1134 2607 1198; x_wconf 78' lang='lat' dir='ltr'><strong>abstulisse,</strong></span> 
     </span>
     <span class='ocr_line' id='line_1_12' title="bbox 440 1219 2609 1296; baseline 0.002 -20"><span class='ocrx_word' id='word_1_82' title='bbox 440 1236 478 1276; x_wconf 89' lang='lat' dir='ltr'><strong>a</strong></span> <span class='ocrx_word' id='word_1_83' title='bbox 539 1219 835 1279; x_wconf 88' lang='lat' dir='ltr'><strong>Thrasone</strong></span> <span class='ocrx_word' id='word_1_84' title='bbox 891 1222 1031 1278; x_wconf 92' lang='lat' dir='ltr'><strong>item</strong></span> <span class='ocrx_word' id='word_1_85' title='bbox 1090 1221 1483 1294; x_wconf 84' lang='lat' dir='ltr'><strong>Tyndaritano</strong></span> <span class='ocrx_word' id='word_1_86' title='bbox 1542 1221 1821 1293; x_wconf 85' lang='lat' dir='ltr'><strong>patellam</strong></span> <span class='ocrx_word' id='word_1_87' title='bbox 1840 1266 1855 1294; x_wconf 94' lang='lat'><strong>,</strong></span> <span class='ocrx_word' id='word_1_88' title='bbox 1931 1238 1967 1278; x_wconf 89' lang='lat' dir='ltr'><strong>a</strong></span> <span class='ocrx_word' id='word_1_89' title='bbox 2024 1221 2427 1294; x_wconf 87' lang='lat' dir='ltr'><strong>Nymphodoro</strong></span> <span class='ocrx_word' id='word_1_90' title='bbox 2482 1223 2609 1296; x_wconf 85' lang='lat' dir='ltr'><strong>Agri-</strong></span> 
     </span>
     <span class='ocr_line' id='line_1_13' title="bbox 439 1307 2609 1381; baseline -0.001 -16"><span class='ocrx_word' id='word_1_91' title='bbox 439 1307 677 1378; x_wconf 90' lang='lat' dir='ltr'><strong>gentino</strong></span> <span class='ocrx_word' id='word_1_92' title='bbox 740 1308 1068 1367; x_wconf 89' lang='lat' dir='ltr'><strong>turibulum.</strong></span> <span class='ocrx_word' id='word_1_93' title='bbox 1182 1307 1324 1366; x_wconf 89' lang='lat' dir='ltr'><strong>Cum</strong></span> <span class='ocrx_word' id='word_1_94' title='bbox 1388 1314 1569 1366; x_wconf 91' lang='lat' dir='ltr'><strong>testes</strong></span> <span class='ocrx_word' id='word_1_95' title='bbox 1631 1324 1702 1365; x_wconf 88' lang='lat' dir='ltr'><strong>ex</strong></span> <span class='ocrx_word' id='word_1_96' title='bbox 1763 1308 1959 1366; x_wconf 88' lang='lat' dir='ltr'><strong>Sicilia</strong></span> <span class='ocrx_word' id='word_1_97' title='bbox 2018 1309 2197 1378; x_wconf 90' lang='lat' dir='ltr'><strong>dab0‚</strong></span> <span class='ocrx_word' id='word_1_98' title='bbox 2266 1327 2434 1381; x_wconf 91' lang='lat' dir='ltr'><strong>quem</strong></span> <span class='ocrx_word' id='word_1_99' title='bbox 2496 1311 2609 1368; x_wconf 83' lang='lat' dir='ltr'><strong>volet</strong></span> 
     </span>
     <span class='ocr_line' id='line_1_14' title="bbox 437 1395 2610 1471; baseline 0.001 -21"><span class='ocrx_word' id='word_1_100' title='bbox 437 1395 536 1452; x_wconf 88' lang='lat' dir='ltr'><strong>illo</strong></span> <span class='ocrx_word' id='word_1_101' title='bbox 584 1395 796 1468; x_wconf 90' lang='lat' dir='ltr'><strong>eligat,</strong></span> <span class='ocrx_word' id='word_1_102' title='bbox 865 1413 1035 1468; x_wconf 92' lang='lat' dir='ltr'><strong>quem</strong></span> <span class='ocrx_word' id='word_1_103' title='bbox 1082 1413 1187 1470; x_wconf 92' lang='lat' dir='ltr'><strong>ego</strong></span> <span class='ocrx_word' id='word_1_104' title='bbox 1248 1397 1602 1467; x_wconf 86' lang='lat' dir='ltr'><strong>interrogem</strong></span> <span class='ocrx_word' id='word_1_105' title='bbox 1659 1395 1732 1453; x_wconf 90' lang='lat' dir='ltr'><strong>de</strong></span> <span class='ocrx_word' id='word_1_106' title='bbox 1791 1397 2049 1469; x_wconf 78' lang='lat' dir='ltr'><strong>patelliS,</strong></span> <span class='ocrx_word' id='word_1_107' title='bbox 2117 1399 2367 1471; x_wconf 81' lang='lat' dir='ltr'><strong>pateriS,</strong></span> <span class='ocrx_word' id='word_1_108' title='bbox 2432 1398 2610 1455; x_wconf 91' lang='lat' dir='ltr'><strong>turibu-</strong></span> 
     </span>
     <span class='ocr_line' id='line_1_15' title="bbox 437 1475 2609 1561; baseline 0 -23"><span class='ocrx_word' id='word_1_109' title='bbox 437 1482 510 1539; x_wconf 89' lang='lat' dir='ltr'><strong>lis</strong></span> <span class='ocrx_word' id='word_1_110' title='bbox 532 1476 617 1559; x_wconf 80' lang='lat'><strong>⁴);</strong></span> <span class='ocrx_word' id='word_1_111' title='bbox 661 1499 776 1541; x_wconf 93' lang='lat' dir='ltr'><strong>non</strong></span> <span class='ocrx_word' id='word_1_112' title='bbox 820 1484 989 1542; x_wconf 91' lang='lat' dir='ltr'><strong>modo</strong></span> <span class='ocrx_word' id='word_1_113' title='bbox 1035 1484 1304 1557; x_wconf 93' lang='lat' dir='ltr'><strong>oppidum</strong></span> <span class='ocrx_word' id='word_1_114' title='bbox 1349 1485 1568 1541; x_wconf 89' lang='lat' dir='ltr'><strong>nullum</strong></span> <span class='ocrx_word' id='word_1_115' title='bbox 1588 1475 1667 1561; x_wconf 81' lang='lat'><strong>⁵),</strong></span> <span class='ocrx_word' id='word_1_116' title='bbox 1736 1484 1839 1541; x_wconf 93' lang='lat' dir='ltr'><strong>sed</strong></span> <span class='ocrx_word' id='word_1_117' title='bbox 1885 1499 1960 1541; x_wconf 92' lang='lat' dir='ltr'><strong>ne</strong></span> <span class='ocrx_word' id='word_1_118' title='bbox 2006 1484 2207 1542; x_wconf 86' lang='lat' dir='ltr'><strong>domus</strong></span> <span class='ocrx_word' id='word_1_119' title='bbox 2254 1485 2482 1558; x_wconf 89' lang='lat' dir='ltr'><strong>quidem</strong></span> <span class='ocrx_word' id='word_1_120' title='bbox 2522 1486 2609 1543; x_wconf 83' lang='lat' dir='ltr'><strong>ulla</strong></span> 
     </span>
     <span class='ocr_line' id='line_1_16' title="bbox 434 1570 2608 1644; baseline 0 -17"><span class='ocrx_word' id='word_1_121' title='bbox 434 1571 607 1641; x_wconf 91' lang='lat' dir='ltr'><strong>paulo</strong></span> <span class='ocrx_word' id='word_1_122' title='bbox 653 1570 1000 1644; x_wconf 88' lang='lat' dir='ltr'><strong>locupletior</strong></span> <span class='ocrx_word' id='word_1_123' title='bbox 1045 1589 1250 1644; x_wconf 87' lang='lat' dir='ltr'><strong>expers</strong></span> <span class='ocrx_word' id='word_1_124' title='bbox 1295 1572 1461 1629; x_wconf 90' lang='lat' dir='ltr'><strong>huius</strong></span> <span class='ocrx_word' id='word_1_125' title='bbox 1501 1571 1747 1629; x_wconf 88' lang='lat' dir='ltr'><strong>iniuriae</strong></span> <span class='ocrx_word' id='word_1_126' title='bbox 1791 1573 2171 1644; x_wconf 91' lang='lat' dir='ltr'><strong>reperietur.-</strong></span> <span class='ocrx_word' id='word_1_127' title='bbox 2244 1573 2353 1644; x_wconf 81' lang='lat' dir='ltr'><strong>Qui</strong></span> <span class='ocrx_word' id='word_1_128' title='bbox 2402 1591 2521 1631; x_wconf 91' lang='lat' dir='ltr'><strong>cum</strong></span> <span class='ocrx_word' id='word_1_129' title='bbox 2571 1575 2608 1628; x_wconf 89' lang='lat' dir='ltr'><strong>in</strong></span> 
     </span>
     <span class='ocr_line' id='line_1_17' title="bbox 437 1658 2607 1732; baseline 0.001 -17"><span class='ocrx_word' id='word_1_130' title='bbox 437 1658 757 1716; x_wconf 90' lang='lat' dir='ltr'><strong>convivium</strong></span> <span class='ocrx_word' id='word_1_131' title='bbox 796 1660 1077 1732; x_wconf 89' lang='lat' dir='ltr'><strong>venisset,</strong></span> <span class='ocrx_word' id='word_1_132' title='bbox 1135 1659 1184 1717; x_wconf 92' lang='lat' dir='ltr'><strong>si</strong></span> <span class='ocrx_word' id='word_1_133' title='bbox 1222 1660 1527 1731; x_wconf 91' lang='lat' dir='ltr'><strong>quicquam</strong></span> <span class='ocrx_word' id='word_1_134' title='bbox 1569 1659 1779 1717; x_wconf 91' lang='lat' dir='ltr'><strong>caelati</strong></span> <span class='ocrx_word' id='word_1_135' title='bbox 1821 1665 2160 1732; x_wconf 83' lang='lat' dir='ltr'><strong>aspexerat,</strong></span> <span class='ocrx_word' id='word_1_136' title='bbox 2221 1677 2424 1718; x_wconf 90' lang='lat' dir='ltr'><strong>manus</strong></span> <span class='ocrx_word' id='word_1_137' title='bbox 2466 1662 2607 1719; x_wconf 86' lang='lat' dir='ltr'><strong>absti-</strong></span> 
     </span>
     <span class='ocr_line' id='line_1_18' title="bbox 433 1744 2608 1825; baseline 0 -22"><span class='ocrx_word' id='word_1_138' title='bbox 433 1762 630 1825; x_wconf 81' lang='lat' dir='ltr'><strong>nere,</strong></span> <span class='ocrx_word' id='word_1_139' title='bbox 666 1747 919 1819; x_wconf 76' lang='lat' dir='ltr'><strong>iudiceS,</strong></span> <span class='ocrx_word' id='word_1_140' title='bbox 987 1763 1104 1804; x_wconf 93' lang='lat' dir='ltr'><strong>non</strong></span> <span class='ocrx_word' id='word_1_141' title='bbox 1147 1752 1393 1819; x_wconf 89' lang='lat' dir='ltr'><strong>poterat.</strong></span> <span class='ocrx_word' id='word_1_142' title='bbox 1496 1744 1596 1803; x_wconf 89' lang='lat' dir='ltr'><strong>Cn.</strong></span> <span class='ocrx_word' id='word_1_143' title='bbox 1643 1746 1950 1819; x_wconf 89' lang='lat' dir='ltr'><strong>Pompeius</strong></span> <span class='ocrx_word' id='word_1_144' title='bbox 1996 1752 2111 1821; x_wconf 88' lang='lat' dir='ltr'><strong>est,</strong></span> <span class='ocrx_word' id='word_1_145' title='bbox 2159 1747 2324 1806; x_wconf 91' lang='lat' dir='ltr'><strong>Philo</strong></span> <span class='ocrx_word' id='word_1_146' title='bbox 2373 1751 2468 1821; x_wconf 91' lang='lat' dir='ltr'><strong>qui</strong></span> <span class='ocrx_word' id='word_1_147' title='bbox 2511 1748 2608 1817; x_wconf 79' lang='lat' dir='ltr'><strong>fuit,</strong></span> 
     </span>
     <span class='ocr_line' id='line_1_19' title="bbox 435 1829 2608 1914; baseline 0 -26"><span class='ocrx_word' id='word_1_148' title='bbox 435 1832 858 1906; x_wconf 88' lang='lat' dir='ltr'><strong>Tyndaritanus</strong></span> <span class='ocrx_word' id='word_1_149' title='bbox 880 1829 958 1914; x_wconf 76' lang='lat'><strong>⁶):</strong></span> <span class='ocrx_word' id='word_1_150' title='bbox 1021 1834 1072 1890; x_wconf 89' lang='lat' dir='ltr'><strong>is</strong></span> <span class='ocrx_word' id='word_1_151' title='bbox 1132 1851 1334 1892; x_wconf 92' lang='lat' dir='ltr'><strong>cenam</strong></span> <span class='ocrx_word' id='word_1_152' title='bbox 1388 1835 1486 1891; x_wconf 90' lang='lat' dir='ltr'><strong>isti</strong></span> <span class='ocrx_word' id='word_1_153' title='bbox 1545 1834 1725 1891; x_wconf 90' lang='lat' dir='ltr'><strong>dabat</strong></span> <span class='ocrx_word' id='word_1_154' title='bbox 1783 1835 1936 1906; x_wconf 87' lang='lat' dir='ltr'><strong>apud</strong></span> <span class='ocrx_word' id='word_1_155' title='bbox 1995 1835 2192 1892; x_wconf 88' lang='lat' dir='ltr'><strong>villam</strong></span> <span class='ocrx_word' id='word_1_156' title='bbox 2248 1837 2310 1893; x_wconf 91' lang='lat' dir='ltr'><strong>in</strong></span> <span class='ocrx_word' id='word_1_157' title='bbox 2371 1836 2608 1909; x_wconf 87' lang='lat' dir='ltr'><strong>Tyndari·</strong></span> 
     </span>
     <span class='ocr_line' id='line_1_20' title="bbox 434 1920 2606 1999; baseline 0 -21"><span class='ocrx_word' id='word_1_158' title='bbox 434 1926 596 1979; x_wconf 87' lang='lat' dir='ltr'><strong>tanc:</strong></span> <span class='ocrx_word' id='word_1_159' title='bbox 639 1920 808 1995; x_wconf 84' lang='lat' dir='ltr'><strong>fecit,</strong></span> <span class='ocrx_word' id='word_1_160' title='bbox 855 1921 1006 1994; x_wconf 90' lang='lat' dir='ltr'><strong>quod</strong></span> <span class='ocrx_word' id='word_1_161' title='bbox 1053 1921 1228 1980; x_wconf 91' lang='lat' dir='ltr'><strong>Siculi</strong></span> <span class='ocrx_word' id='word_1_162' title='bbox 1274 1938 1390 1979; x_wconf 92' lang='lat' dir='ltr'><strong>non</strong></span> <span class='ocrx_word' id='word_1_163' title='bbox 1439 1921 1760 1980; x_wconf 86' lang='lat' dir='ltr'><strong>audebant:</strong></span> <span class='ocrx_word' id='word_1_164' title='bbox 1810 1922 1944 1999; x_wconf 89' lang='lat' dir='ltr'><strong>ille,</strong></span> <span class='ocrx_word' id='word_1_165' title='bbox 1992 1924 2132 1980; x_wconf 88' lang='lat' dir='ltr'><strong>civis</strong></span> <span class='ocrx_word' id='word_1_166' title='bbox 2159 1922 2449 1983; x_wconf 87' lang='lat' dir='ltr'><strong>Romanus</strong></span> <span class='ocrx_word' id='word_1_167' title='bbox 2488 1920 2606 1995; x_wconf 88' lang='lat' dir='ltr'><strong>quod</strong></span> 
     </span>
     <span class='ocr_line' id='line_1_21' title="bbox 432 2008 2639 2085; baseline -0 -19"><span class='ocrx_word' id='word_1_168' title='bbox 432 2014 579 2080; x_wconf 91' lang='lat' dir='ltr'><strong>erat,</strong></span> <span class='ocrx_word' id='word_1_169' title='bbox 620 2010 907 2081; x_wconf 89' lang='lat' dir='ltr'><strong>impunius</strong></span> <span class='ocrx_word' id='word_1_170' title='bbox 951 2009 1011 2067; x_wconf 90' lang='lat' dir='ltr'><strong>id</strong></span> <span class='ocrx_word' id='word_1_171' title='bbox 1056 2027 1118 2067; x_wconf 91' lang='lat' dir='ltr'><strong>se</strong></span> <span class='ocrx_word' id='word_1_172' title='bbox 1149 2008 1437 2067; x_wconf 84' lang='lat' dir='ltr'><strong>facturum</strong></span> <span class='ocrx_word' id='word_1_173' title='bbox 1482 2009 1733 2081; x_wconf 86' lang='lat' dir='ltr'><strong>putavit:</strong></span> <span class='ocrx_word' id='word_1_174' title='bbox 1781 2009 2047 2082; x_wconf 87' lang='lat' dir='ltr'><strong>adposuit</strong></span> <span class='ocrx_word' id='word_1_175' title='bbox 2090 2012 2385 2085; x_wconf 86' lang='lat' dir='ltr'><strong>patellam,</strong></span> <span class='ocrx_word' id='word_1_176' title='bbox 2430 2013 2487 2068; x_wconf 92' lang='lat' dir='ltr'><strong>in</strong></span> <span class='ocrx_word' id='word_1_177' title='bbox 2521 2025 2606 2083; x_wconf 77' lang='lat' dir='ltr'><strong>qua</strong></span> <span class='ocrx_word' id='word_1_178' title='bbox 2638 2048 2639 2051; x_wconf 62' lang='lat'>,</span> 
     </span>
     <span class='ocr_line' id='line_1_22' title="bbox 430 2096 2639 2171; baseline 0 -19"><span class='ocrx_word' id='word_1_179' title='bbox 430 2096 623 2168; x_wconf 90' lang='lat' dir='ltr'><strong>sigilla</strong></span> <span class='ocrx_word' id='word_1_180' title='bbox 692 2103 858 2155; x_wconf 90' lang='lat' dir='ltr'><strong>erant</strong></span> <span class='ocrx_word' id='word_1_181' title='bbox 920 2098 1174 2170; x_wconf 89' lang='lat' dir='ltr'><strong>egregia.</strong></span> <span class='ocrx_word' id='word_1_182' title='bbox 1293 2098 1414 2155; x_wconf 91' lang='lat' dir='ltr'><strong>Iste</strong></span> <span class='ocrx_word' id='word_1_183' title='bbox 1479 2097 1748 2154; x_wconf 89' lang='lat' dir='ltr'><strong>continuo</strong></span> <span class='ocrx_word' id='word_1_184' title='bbox 1803 2103 1866 2154; x_wconf 95' lang='lat' dir='ltr'><strong>ut</strong></span> <span class='ocrx_word' id='word_1_185' title='bbox 1927 2098 2103 2171; x_wconf 87' lang='lat' dir='ltr'><strong>vidit,</strong></span> <span class='ocrx_word' id='word_1_186' title='bbox 2178 2114 2292 2156; x_wconf 90' lang='lat' dir='ltr'><strong>non</strong></span> <span class='ocrx_word' id='word_1_187' title='bbox 2363 2098 2639 2158; x_wconf 49' lang='lat' dir='ltr'><strong>dubitavit¹</strong></span> 
     </span>
     <span class='ocr_line' id='line_1_23' title="bbox 429 2183 2605 2260; baseline 0.001 -20"><span class='ocrx_word' id='word_1_188' title='bbox 429 2183 573 2241; x_wconf 90' lang='lat' dir='ltr'><strong>illud</strong></span> <span class='ocrx_word' id='word_1_189' title='bbox 618 2184 843 2257; x_wconf 87' lang='lat' dir='ltr'><strong>insigne</strong></span> <span class='ocrx_word' id='word_1_190' title='bbox 875 2187 1168 2257; x_wconf 89' lang='lat' dir='ltr'><strong>penatium</strong></span> <span class='ocrx_word' id='word_1_191' title='bbox 1213 2186 1694 2259; x_wconf 88' lang='lat' dir='ltr'><strong>hospitaliumque</strong></span> <span class='ocrx_word' id='word_1_192' title='bbox 1727 2185 1967 2243; x_wconf 87' lang='lat' dir='ltr'><strong>deorum</strong></span> <span class='ocrx_word' id='word_1_193' title='bbox 2013 2204 2086 2243; x_wconf 90' lang='lat' dir='ltr'><strong>ex</strong></span> <span class='ocrx_word' id='word_1_194' title='bbox 2127 2186 2404 2260; x_wconf 88' lang='lat' dir='ltr'><strong>hospitali</strong></span> <span class='ocrx_word' id='word_1_195' title='bbox 2444 2202 2605 2245; x_wconf 83' lang='lat' dir='ltr'><strong>mensa</strong></span> 
     </span>
     <span class='ocr_line' id='line_1_24' title="bbox 429 2273 2601 2347; baseline 0.001 -18"><span class='ocrx_word' id='word_1_196' title='bbox 429 2273 663 2343; x_wconf 87' lang='lat' dir='ltr'><strong>tollere,</strong></span> <span class='ocrx_word' id='word_1_197' title='bbox 730 2273 834 2331; x_wconf 90' lang='lat' dir='ltr'><strong>sed</strong></span> <span class='ocrx_word' id='word_1_198' title='bbox 892 2279 1117 2347; x_wconf 91' lang='lat' dir='ltr'><strong>tamen,</strong></span> <span class='ocrx_word' id='word_1_199' title='bbox 1186 2274 1337 2345; x_wconf 93' lang='lat' dir='ltr'><strong>quod</strong></span> <span class='ocrx_word' id='word_1_200' title='bbox 1383 2280 1521 2331; x_wconf 90' lang='lat' dir='ltr'><strong>ante</strong></span> <span class='ocrx_word' id='word_1_201' title='bbox 1582 2273 1655 2331; x_wconf 92' lang='lat' dir='ltr'><strong>de</strong></span> <span class='ocrx_word' id='word_1_202' title='bbox 1714 2273 1883 2331; x_wconf 88' lang='lat' dir='ltr'><strong>istius</strong></span> <span class='ocrx_word' id='word_1_203' title='bbox 1944 2275 2299 2333; x_wconf 88' lang='lat' dir='ltr'><strong>abstinentia</strong></span> <span class='ocrx_word' id='word_1_204' title='bbox 2362 2277 2601 2342; x_wconf 83' lang='lat' dir='ltr'><strong>dixeram,</strong></span> 
     </span>
     <span class='ocr_line' id='line_1_25' title="bbox 429 2360 2601 2435; baseline 0 -20"><span class='ocrx_word' id='word_1_205' title='bbox 429 2360 632 2431; x_wconf 85' lang='lat' dir='ltr'><strong>sigillis</strong></span> <span class='ocrx_word' id='word_1_206' title='bbox 700 2362 906 2419; x_wconf 89' lang='lat' dir='ltr'><strong>avolsis</strong></span> <span class='ocrx_word' id='word_1_207' title='bbox 973 2362 1259 2434; x_wconf 90' lang='lat' dir='ltr'><strong>reliquum</strong></span> <span class='ocrx_word' id='word_1_208' title='bbox 1326 2367 1630 2435; x_wconf 88' lang='lat' dir='ltr'><strong>argentum</strong></span> <span class='ocrx_word' id='word_1_209' title='bbox 1696 2361 1820 2418; x_wconf 89' lang='lat' dir='ltr'><strong>sine</strong></span> <span class='ocrx_word' id='word_1_210' title='bbox 1883 2362 2003 2419; x_wconf 91' lang='lat' dir='ltr'><strong>ulla</strong></span> <span class='ocrx_word' id='word_1_211' title='bbox 2061 2363 2309 2420; x_wconf 87' lang='lat' dir='ltr'><strong>avaritia</strong></span> <span class='ocrx_word' id='word_1_212' title='bbox 2368 2363 2601 2422; x_wconf 85' lang='lat' dir='ltr'><strong>reddidit.</strong></span> 
     </span>
    </p>

    <p class='ocr_par' dir='ltr' id='par_1_6' title="bbox 323 2444 2637 3052">
     <span class='ocr_line' id='line_1_26' title="bbox 323 2444 2637 2522; baseline 0.001 -20"><span class='ocrx_word' id='word_1_213' title='bbox 323 2446 406 2504; x_wconf 84' lang='lat'><strong>49</strong></span> <span class='ocrx_word' id='word_1_214' title='bbox 428 2444 620 2515; x_wconf 76' lang='lat' dir='ltr'><strong>Quid?</strong></span> <span class='ocrx_word' id='word_1_215' title='bbox 680 2447 1005 2520; x_wconf 90' lang='lat' dir='ltr'><strong>Eupolemo</strong></span> <span class='ocrx_word' id='word_1_216' title='bbox 1052 2448 1381 2521; x_wconf 84' lang='lat' dir='ltr'><strong>CalactinO,</strong></span> <span class='ocrx_word' id='word_1_217' title='bbox 1443 2447 1658 2506; x_wconf 93' lang='lat' dir='ltr'><strong>homini</strong></span> <span class='ocrx_word' id='word_1_218' title='bbox 1720 2447 1934 2522; x_wconf 91' lang='lat' dir='ltr'><strong>nobili,</strong></span> <span class='ocrx_word' id='word_1_219' title='bbox 2001 2449 2374 2508; x_wconf 91' lang='lat' dir='ltr'><strong>Lucullorum</strong></span> <span class='ocrx_word' id='word_1_220' title='bbox 2427 2449 2637 2522; x_wconf 32' lang='lat' dir='ltr'><strong>hospiti,</strong></span> 
     </span>
     <span class='ocr_line' id='line_1_27' title="bbox 426 2533 2604 2609; baseline 0 -18"><span class='ocrx_word' id='word_1_221' title='bbox 426 2550 497 2592; x_wconf 90' lang='lat' dir='ltr'><strong>ac</strong></span> <span class='ocrx_word' id='word_1_222' title='bbox 539 2533 950 2609; x_wconf 88' lang='lat' dir='ltr'><strong>perfamiliari,</strong></span> <span class='ocrx_word' id='word_1_223' title='bbox 1006 2538 1105 2608; x_wconf 93' lang='lat' dir='ltr'><strong>qui</strong></span> <span class='ocrx_word' id='word_1_224' title='bbox 1151 2553 1301 2594; x_wconf 91' lang='lat' dir='ltr'><strong>nunc</strong></span> <span class='ocrx_word' id='word_1_225' title='bbox 1348 2537 1500 2608; x_wconf 89' lang='lat' dir='ltr'><strong>apud</strong></span> <span class='ocrx_word' id='word_1_226' title='bbox 1564 2536 1882 2594; x_wconf 89' lang='lat' dir='ltr'><strong>exercitum</strong></span> <span class='ocrx_word' id='word_1_227' title='bbox 1937 2552 2065 2595; x_wconf 91' lang='lat' dir='ltr'><strong>cum</strong></span> <span class='ocrx_word' id='word_1_228' title='bbox 2126 2537 2191 2594; x_wconf 92' lang='lat' dir='ltr'><strong>L.</strong></span> <span class='ocrx_word' id='word_1_229' title='bbox 2232 2538 2470 2597; x_wconf 93' lang='lat' dir='ltr'><strong>Lucullo</strong></span> <span class='ocrx_word' id='word_1_230' title='bbox 2524 2543 2604 2604; x_wconf 80' lang='lat' dir='ltr'><strong>est,</strong></span> 
     </span>
     <span class='ocr_line' id='line_1_28' title="bbox 425 2621 2605 2696; baseline 0 -18"><span class='ocrx_word' id='word_1_231' title='bbox 425 2638 540 2679; x_wconf 91' lang='lat' dir='ltr'><strong>non</strong></span> <span class='ocrx_word' id='word_1_232' title='bbox 595 2621 748 2681; x_wconf 91' lang='lat' dir='ltr'><strong>idem</strong></span> <span class='ocrx_word' id='word_1_233' title='bbox 811 2622 996 2681; x_wconf 85' lang='lat' dir='ltr'><strong>fecit?</strong></span> <span class='ocrx_word' id='word_1_234' title='bbox 1086 2623 1348 2682; x_wconf 85' lang='lat' dir='ltr'><strong>Cenabat</strong></span> <span class='ocrx_word' id='word_1_235' title='bbox 1414 2622 1565 2696; x_wconf 90' lang='lat' dir='ltr'><strong>apud</strong></span> <span class='ocrx_word' id='word_1_236' title='bbox 1628 2640 1786 2681; x_wconf 91' lang='lat' dir='ltr'><strong>eum:</strong></span> <span class='ocrx_word' id='word_1_237' title='bbox 1855 2630 2158 2696; x_wconf 84' lang='lat' dir='ltr'><strong>argentum</strong></span> <span class='ocrx_word' id='word_1_238' title='bbox 2217 2626 2322 2685; x_wconf 91' lang='lat' dir='ltr'><strong>ille</strong></span> <span class='ocrx_word' id='word_1_239' title='bbox 2384 2632 2605 2685; x_wconf 85' lang='lat' dir='ltr'><strong>ceterum</strong></span> 
     </span>
     <span class='ocr_line' id='line_1_29' title="bbox 420 2710 2606 2787; baseline -0 -20"><span class='ocrx_word' id='word_1_240' title='bbox 420 2726 625 2782; x_wconf 91' lang='lat' dir='ltr'><strong>purum</strong></span> <span class='ocrx_word' id='word_1_241' title='bbox 672 2710 1045 2785; x_wconf 88' lang='lat' dir='ltr'><strong>adposuerat,</strong></span> <span class='ocrx_word' id='word_1_242' title='bbox 1092 2728 1166 2769; x_wconf 92' lang='lat' dir='ltr'><strong>ne</strong></span> <span class='ocrx_word' id='word_1_243' title='bbox 1212 2729 1391 2784; x_wconf 92' lang='lat' dir='ltr'><strong>purus</strong></span> <span class='ocrx_word' id='word_1_244' title='bbox 1437 2713 1561 2784; x_wconf 90' lang='lat' dir='ltr'><strong>ipse</strong></span> <span class='ocrx_word' id='word_1_245' title='bbox 1607 2712 2065 2785; x_wconf 90' lang='lat' dir='ltr'><strong>relinqueretur,</strong></span> <span class='ocrx_word' id='word_1_246' title='bbox 2113 2712 2226 2769; x_wconf 92' lang='lat' dir='ltr'><strong>duo</strong></span> <span class='ocrx_word' id='word_1_247' title='bbox 2273 2716 2479 2787; x_wconf 88' lang='lat' dir='ltr'><strong>pocula</strong></span> <span class='ocrx_word' id='word_1_248' title='bbox 2519 2727 2606 2768; x_wconf 88' lang='lat' dir='ltr'><strong>nou</strong></span> 
     </span>
     <span class='ocr_line' id='line_1_30' title="bbox 420 2799 2635 2878; baseline 0 -24"><span class='ocrx_word' id='word_1_249' title='bbox 420 2814 654 2871; x_wconf 89' lang='lat' dir='ltr'><strong>magna,</strong></span> <span class='ocrx_word' id='word_1_250' title='bbox 700 2815 899 2857; x_wconf 90' lang='lat' dir='ltr'><strong>verum</strong></span> <span class='ocrx_word' id='word_1_251' title='bbox 946 2803 1140 2857; x_wconf 89' lang='lat' dir='ltr'><strong>tamen</strong></span> <span class='ocrx_word' id='word_1_252' title='bbox 1183 2815 1310 2856; x_wconf 95' lang='lat' dir='ltr'><strong>cum</strong></span> <span class='ocrx_word' id='word_1_253' title='bbox 1358 2800 1722 2857; x_wconf 88' lang='lat' dir='ltr'><strong>emblemate.</strong></span> <span class='ocrx_word' id='word_1_254' title='bbox 1825 2799 1969 2878; x_wconf 88' lang='lat' dir='ltr'><strong>Hic,</strong></span> <span class='ocrx_word' id='word_1_255' title='bbox 2031 2805 2326 2871; x_wconf 89' lang='lat' dir='ltr'><strong>tamquam</strong></span> <span class='ocrx_word' id='word_1_256' title='bbox 2371 2799 2635 2859; x_wconf 49' lang='lat' dir='ltr'><strong>festivum?</strong></span> 
     </span>
     <span class='ocr_line' id='line_1_31' title="bbox 420 2886 2607 2961; baseline -0 -18"><span class='ocrx_word' id='word_1_257' title='bbox 420 2902 690 2944; x_wconf 88' lang='lat' dir='ltr'><strong>acroama</strong></span> <span class='ocrx_word' id='word_1_258' title='bbox 709 2931 724 2959; x_wconf 90' lang='lat'><strong>,</strong></span> <span class='ocrx_word' id='word_1_259' title='bbox 771 2904 845 2945; x_wconf 92' lang='lat' dir='ltr'><strong>ne</strong></span> <span class='ocrx_word' id='word_1_260' title='bbox 892 2887 1015 2944; x_wconf 93' lang='lat' dir='ltr'><strong>sine</strong></span> <span class='ocrx_word' id='word_1_261' title='bbox 1062 2887 1368 2944; x_wconf 88' lang='lat' dir='ltr'><strong>corollario</strong></span> <span class='ocrx_word' id='word_1_262' title='bbox 1414 2887 1487 2945; x_wconf 91' lang='lat' dir='ltr'><strong>de</strong></span> <span class='ocrx_word' id='word_1_263' title='bbox 1534 2887 1794 2945; x_wconf 89' lang='lat' dir='ltr'><strong>convivio</strong></span> <span class='ocrx_word' id='word_1_264' title='bbox 1841 2886 2194 2961; x_wconf 86' lang='lat' dir='ltr'><strong>discederet,</strong></span> <span class='ocrx_word' id='word_1_265' title='bbox 2243 2890 2459 2949; x_wconf 87' lang='lat' dir='ltr'><strong>ibidem</strong></span> <span class='ocrx_word' id='word_1_266' title='bbox 2501 2903 2607 2944; x_wconf 88' lang='lat' dir='ltr'><strong>con·</strong></span> 
     </span>
     <span class='ocr_line' id='line_1_32' title="bbox 417 2968 2100 3052; baseline 0.001 -21"><span class='ocrx_word' id='word_1_267' title='bbox 417 2975 560 3032; x_wconf 87' lang='lat' dir='ltr'><strong>vivis</strong></span> <span class='ocrx_word' id='word_1_268' title='bbox 600 2974 995 3047; x_wconf 87' lang='lat' dir='ltr'><strong>spectantibus</strong></span> <span class='ocrx_word' id='word_1_269' title='bbox 1018 2968 1069 3052; x_wconf 85' lang='lat'><strong>⁷)</strong></span> <span class='ocrx_word' id='word_1_270' title='bbox 1112 2975 1459 3033; x_wconf 82' lang='lat' dir='ltr'><strong>emblemata</strong></span> <span class='ocrx_word' id='word_1_271' title='bbox 1504 2974 1811 3032; x_wconf 90' lang='lat' dir='ltr'><strong>evellenda</strong></span> <span class='ocrx_word' id='word_1_272' title='bbox 1856 2976 2100 3033; x_wconf 87' lang='lat' dir='ltr'><strong>curavit.</strong></span> 
     </span>
    </p>

    <p class='ocr_par' dir='ltr' id='par_1_7' title="bbox 412 3061 2633 3399">
     <span class='ocr_line' id='line_1_33' title="bbox 592 3061 2605 3138; baseline -0.002 -18"><span class='ocrx_word' id='word_1_273' title='bbox 592 3062 796 3134; x_wconf 90' lang='lat' dir='ltr'><strong>Neque</strong></span> <span class='ocrx_word' id='word_1_274' title='bbox 840 3079 948 3134; x_wconf 89' lang='lat' dir='ltr'><strong>ego</strong></span> <span class='ocrx_word' id='word_1_275' title='bbox 993 3077 1146 3119; x_wconf 93' lang='lat' dir='ltr'><strong>nunc</strong></span> <span class='ocrx_word' id='word_1_276' title='bbox 1188 3062 1355 3120; x_wconf 90' lang='lat' dir='ltr'><strong>istius</strong></span> <span class='ocrx_word' id='word_1_277' title='bbox 1400 3061 1556 3121; x_wconf 88' lang='lat' dir='ltr'><strong>facta</strong></span> <span class='ocrx_word' id='word_1_278' title='bbox 1600 3064 1792 3120; x_wconf 90' lang='lat' dir='ltr'><strong>omnia</strong></span> <span class='ocrx_word' id='word_1_279' title='bbox 1835 3079 2182 3121; x_wconf 87' lang='lat' dir='ltr'><strong>enumerare</strong></span> <span class='ocrx_word' id='word_1_280' title='bbox 2216 3080 2411 3138; x_wconf 90' lang='lat' dir='ltr'><strong>conor,</strong></span> <span class='ocrx_word' id='word_1_281' title='bbox 2443 3077 2605 3134; x_wconf 87' lang='lat' dir='ltr'><strong>neque</strong></span> 
     </span>
     <span class='ocr_line' id='line_1_34' title="bbox 416 3148 2605 3224; baseline -0.002 -16"><span class='ocrx_word' id='word_1_282' title='bbox 416 3167 557 3222; x_wconf 93' lang='lat' dir='ltr'><strong>opus</strong></span> <span class='ocrx_word' id='word_1_283' title='bbox 604 3157 693 3209; x_wconf 90' lang='lat' dir='ltr'><strong>est</strong></span> <span class='ocrx_word' id='word_1_284' title='bbox 736 3166 847 3207; x_wconf 93' lang='lat' dir='ltr'><strong>nec</strong></span> <span class='ocrx_word' id='word_1_285' title='bbox 887 3148 1015 3208; x_wconf 90' lang='lat' dir='ltr'><strong>fieri</strong></span> <span class='ocrx_word' id='word_1_286' title='bbox 1070 3149 1187 3207; x_wconf 92' lang='lat' dir='ltr'><strong>ullo</strong></span> <span class='ocrx_word' id='word_1_287' title='bbox 1249 3150 1418 3208; x_wconf 90' lang='lat' dir='ltr'><strong>modo</strong></span> <span class='ocrx_word' id='word_1_288' title='bbox 1460 3155 1685 3223; x_wconf 89' lang='lat' dir='ltr'><strong>potest:</strong></span> <span class='ocrx_word' id='word_1_289' title='bbox 1747 3155 1973 3208; x_wconf 90' lang='lat' dir='ltr'><strong>tantum</strong></span> <span class='ocrx_word' id='word_1_290' title='bbox 2019 3151 2190 3208; x_wconf 90' lang='lat' dir='ltr'><strong>unius</strong></span> <span class='ocrx_word' id='word_1_291' title='bbox 2238 3154 2507 3224; x_wconf 91' lang='lat' dir='ltr'><strong>cuiusque</strong></span> <span class='ocrx_word' id='word_1_292' title='bbox 2548 3150 2605 3206; x_wconf 83' lang='lat' dir='ltr'><strong>de</strong></span> 
     </span>
     <span class='ocr_line' id='line_1_35' title="bbox 413 3229 2633 3313; baseline -0.003 -17"><span class='ocrx_word' id='word_1_293' title='bbox 413 3240 576 3296; x_wconf 86' lang='lat' dir='ltr'><strong>varia</strong></span> <span class='ocrx_word' id='word_1_294' title='bbox 635 3238 1007 3311; x_wconf 89' lang='lat' dir='ltr'><strong>improbitate</strong></span> <span class='ocrx_word' id='word_1_295' title='bbox 1068 3238 1302 3310; x_wconf 89' lang='lat' dir='ltr'><strong>generis</strong></span> <span class='ocrx_word' id='word_1_296' title='bbox 1358 3237 1573 3295; x_wconf 90' lang='lat' dir='ltr'><strong>indicia</strong></span> <span class='ocrx_word' id='word_1_297' title='bbox 1618 3238 1770 3310; x_wconf 89' lang='lat' dir='ltr'><strong>apud</strong></span> <span class='ocrx_word' id='word_1_298' title='bbox 1815 3254 1914 3295; x_wconf 91' lang='lat' dir='ltr'><strong>vos</strong></span> <span class='ocrx_word' id='word_1_299' title='bbox 1963 3243 2024 3296; x_wconf 94' lang='lat' dir='ltr'><strong>et</strong></span> <span class='ocrx_word' id='word_1_300' title='bbox 2070 3241 2336 3312; x_wconf 90' lang='lat' dir='ltr'><strong>exempla</strong></span> <span class='ocrx_word' id='word_1_301' title='bbox 2379 3229 2633 3313; x_wconf 51' lang='lat' dir='ltr'><strong>profero(</strong></span> 
     </span>
     <span class='ocr_line' id='line_1_36' title="bbox 412 3324 2606 3399; baseline -0.002 -16"><span class='ocrx_word' id='word_1_302' title='bbox 412 3327 615 3398; x_wconf 90' lang='lat' dir='ltr'><strong>Neque</strong></span> <span class='ocrx_word' id='word_1_303' title='bbox 664 3327 819 3385; x_wconf 93' lang='lat' dir='ltr'><strong>enim</strong></span> <span class='ocrx_word' id='word_1_304' title='bbox 863 3328 948 3383; x_wconf 88' lang='lat' dir='ltr'><strong>ita</strong></span> <span class='ocrx_word' id='word_1_305' title='bbox 993 3341 1056 3381; x_wconf 93' lang='lat' dir='ltr'><strong>se</strong></span> <span class='ocrx_word' id='word_1_306' title='bbox 1100 3327 1279 3398; x_wconf 85' lang='lat' dir='ltr'><strong>gessit</strong></span> <span class='ocrx_word' id='word_1_307' title='bbox 1334 3326 1394 3382; x_wconf 90' lang='lat' dir='ltr'><strong>in</strong></span> <span class='ocrx_word' id='word_1_308' title='bbox 1442 3326 1530 3383; x_wconf 89' lang='lat' dir='ltr'><strong>his</strong></span> <span class='ocrx_word' id='word_1_309' title='bbox 1575 3325 1775 3399; x_wconf 89' lang='lat' dir='ltr'><strong>rebus,</strong></span> <span class='ocrx_word' id='word_1_310' title='bbox 1835 3331 2128 3397; x_wconf 87' lang='lat' dir='ltr'><strong>tamquam</strong></span> <span class='ocrx_word' id='word_1_311' title='bbox 2191 3328 2471 3385; x_wconf 89' lang='lat' dir='ltr'><strong>rationem</strong></span> <span class='ocrx_word' id='word_1_312' title='bbox 2519 3324 2606 3381; x_wconf 86' lang='lat' dir='ltr'><strong>ali-</strong></span> 
     </span>
    </p>
   </div>
   <div class='ocr_carea' id='block_1_4' title="bbox 411 3474 818 3484">
    <p class='ocr_par' dir='ltr' id='par_1_8' title="bbox 411 3474 818 3484">
     <span class='ocr_line' id='line_1_37' title="bbox 411 3474 818 3484; baseline 0 0"><span class='ocrx_word' id='word_1_313' title='bbox 411 3474 818 3484; x_wconf 95' lang='lat' dir='ltr'><strong> </strong></span> 
     </span>
    </p>
   </div>
   <div class='ocr_carea' id='block_1_5' title="bbox 402 3578 2599 3932">
    <p class='ocr_par' dir='ltr' id='par_1_9' title="bbox 402 3578 2599 3932">
     <span class='ocr_line' id='line_1_38' title="bbox 555 3578 2599 3650; baseline -0.002 -16"><span class='ocrx_word' id='word_1_314' title='bbox 555 3584 608 3649; x_wconf 91' lang='lat'><strong>1)</strong></span> <span class='ocrx_word' id='word_1_315' title='bbox 640 3599 824 3650; x_wconf 78' lang='lat' dir='ltr'><strong>parva</strong></span> <span class='ocrx_word' id='word_1_316' title='bbox 859 3583 1039 3638; x_wconf 84' lang='lat' dir='ltr'><strong>Halm.</strong></span> <span class='ocrx_word' id='word_1_317' title='bbox 1202 3583 1255 3650; x_wconf 84' lang='lat'><strong>2)</strong></span> <span class='ocrx_word' id='word_1_318' title='bbox 1295 3583 1385 3637; x_wconf 84' lang='lat' dir='ltr'><strong>Sic</strong></span> <span class='ocrx_word' id='word_1_319' title='bbox 1420 3583 1592 3637; x_wconf 85' lang='lat' dir='ltr'><strong>locum</strong></span> <span class='ocrx_word' id='word_1_320' title='bbox 1630 3581 1996 3635; x_wconf 83' lang='lat' dir='ltr'><strong>distinxerunt</strong></span> <span class='ocrx_word' id='word_1_321' title='bbox 2037 3580 2266 3650; x_wconf 85' lang='lat' dir='ltr'><strong>Zumpt,</strong></span> <span class='ocrx_word' id='word_1_322' title='bbox 2305 3582 2429 3646; x_wconf 88' lang='lat' dir='ltr'><strong>alii;</strong></span> <span class='ocrx_word' id='word_1_323' title='bbox 2465 3578 2599 3645; x_wconf 85' lang='lat' dir='ltr'><strong>vulgo</strong></span> 
     </span>
     <span class='ocr_line' id='line_1_39' title="bbox 410 3645 2599 3722; baseline -0 -19"><span class='ocrx_word' id='word_1_324' title='bbox 410 3652 772 3714; x_wconf 79' lang='lat' dir='ltr'><strong>mulierculis,</strong></span> <span class='ocrx_word' id='word_1_325' title='bbox 807 3654 1131 3720; x_wconf 81' lang='lat' dir='ltr'><strong>praesertim</strong></span> <span class='ocrx_word' id='word_1_326' title='bbox 1161 3669 1300 3707; x_wconf 83' lang='lat' dir='ltr'><strong>cum.</strong></span> <span class='ocrx_word' id='word_1_327' title='bbox 1413 3654 1467 3720; x_wconf 90' lang='lat'><strong>3)</strong></span> <span class='ocrx_word' id='word_1_328' title='bbox 1505 3653 1756 3719; x_wconf 76' lang='lat' dir='ltr'><strong>colliyam</strong></span> <span class='ocrx_word' id='word_1_329' title='bbox 1795 3653 2102 3722; x_wconf 86' lang='lat' dir='ltr'><strong>suspicatur</strong></span> <span class='ocrx_word' id='word_1_330' title='bbox 2138 3651 2352 3705; x_wconf 86' lang='lat' dir='ltr'><strong>Miiller.</strong></span> <span class='ocrx_word' id='word_1_331' title='bbox 2463 3651 2514 3716; x_wconf 89' lang='lat'><strong>4)</strong></span> <span class='ocrx_word' id='word_1_332' title='bbox 2550 3645 2599 3697; x_wconf 73' lang='lat' dir='ltr'><strong>de</strong></span> 
     </span>
     <span class='ocr_line' id='line_1_40' title="bbox 402 3720 2599 3790; baseline -0.003 -15"><span class='ocrx_word' id='word_1_333' title='bbox 402 3721 628 3787; x_wconf 78' lang='lat' dir='ltr'><strong>patellis</strong></span> <span class='ocrx_word' id='word_1_334' title='bbox 667 3751 732 3759; x_wconf 89' lang='lat'><strong>—</strong></span> <span class='ocrx_word' id='word_1_335' title='bbox 769 3724 1026 3777; x_wconf 68' lang='lat' dir='ltr'><strong>wibulis</strong></span> <span class='ocrx_word' id='word_1_336' title='bbox 1065 3741 1177 3777; x_wconf 92' lang='lat' dir='ltr'><strong>unc.</strong></span> <span class='ocrx_word' id='word_1_337' title='bbox 1215 3724 1341 3778; x_wconf 89' lang='lat' dir='ltr'><strong>incl.</strong></span> <span class='ocrx_word' id='word_1_338' title='bbox 1380 3722 1670 3777; x_wconf 86' lang='lat' dir='ltr'><strong>Eberhard.</strong></span> <span class='ocrx_word' id='word_1_339' title='bbox 1850 3725 1905 3790; x_wconf 90' lang='lat'><strong>5)</strong></span> <span class='ocrx_word' id='word_1_340' title='bbox 1939 3720 2205 3788; x_wconf 76' lang='lat' dir='ltr'><strong>oppidum</strong></span> <span class='ocrx_word' id='word_1_341' title='bbox 2242 3721 2420 3775; x_wconf 78' lang='lat' dir='ltr'><strong>ullum</strong></span> <span class='ocrx_word' id='word_1_342' title='bbox 2456 3720 2599 3772; x_wconf 86' lang='lat' dir='ltr'><strong>Eber-</strong></span> 
     </span>
     <span class='ocr_line' id='line_1_41' title="bbox 411 3787 2597 3862; baseline -0.003 -19"><span class='ocrx_word' id='word_1_343' title='bbox 411 3791 564 3844; x_wconf 89' lang='lat' dir='ltr'><strong>hard.</strong></span> <span class='ocrx_word' id='word_1_344' title='bbox 784 3794 840 3859; x_wconf 90' lang='grc'><strong>6)</strong></span> <span class='ocrx_word' id='word_1_345' title='bbox 879 3793 967 3846; x_wconf 86' lang='lat' dir='ltr'><strong>Sic</strong></span> <span class='ocrx_word' id='word_1_346' title='bbox 1000 3796 1220 3847; x_wconf 80' lang='lat' dir='ltr'><strong>Richter</strong></span> <span class='ocrx_word' id='word_1_347' title='bbox 1259 3797 1314 3846; x_wconf 86' lang='lat' dir='ltr'><strong>et</strong></span> <span class='ocrx_word' id='word_1_348' title='bbox 1348 3794 1510 3848; x_wconf 89' lang='lat' dir='ltr'><strong>Halm</strong></span> <span class='ocrx_word' id='word_1_349' title='bbox 1544 3794 1963 3862; x_wconf 83' lang='lat' dir='ltr'><strong>interpungunt3</strong></span> <span class='ocrx_word' id='word_1_350' title='bbox 2015 3793 2179 3859; x_wconf 87' lang='lat' dir='ltr'><strong>vulgo</strong></span> <span class='ocrx_word' id='word_1_351' title='bbox 2221 3791 2285 3845; x_wconf 91' lang='lat' dir='ltr'><strong>P.</strong></span> <span class='ocrx_word' id='word_1_352' title='bbox 2323 3798 2401 3844; x_wconf 79' lang='lat' dir='ltr'><strong>est</strong></span> <span class='ocrx_word' id='word_1_353' title='bbox 2441 3787 2597 3847; x_wconf 78' lang='lat' dir='ltr'><strong>Philo,</strong></span> 
     </span>
     <span class='ocr_line' id='line_1_42' title="bbox 412 3860 1755 3932; baseline 0.003 -20"><span class='ocrx_word' id='word_1_354' title='bbox 412 3860 510 3928; x_wconf 79' lang='lat' dir='ltr'><strong>qui</strong></span> <span class='ocrx_word' id='word_1_355' title='bbox 544 3860 658 3926; x_wconf 76' lang='lat' dir='ltr'><strong>fuit</strong></span> <span class='ocrx_word' id='word_1_356' title='bbox 698 3860 872 3929; x_wconf 74' lang='lat' dir='ltr'><strong>Tynd.</strong></span> <span class='ocrx_word' id='word_1_357' title='bbox 998 3866 1051 3932; x_wconf 78' lang='lat'><strong>7)</strong></span> <span class='ocrx_word' id='word_1_358' title='bbox 1088 3864 1266 3932; x_wconf 81' lang='lat' dir='ltr'><strong>Vulgo</strong></span> <span class='ocrx_word' id='word_1_359' title='bbox 1303 3863 1755 3931; x_wconf 73' lang='lat' dir='ltr'><strong>inspectantibus,</strong></span> 
     </span>
    </p>
   </div>
  </div>
 </body>
</html>
