2669 4354
821 876 1427 954 ORATIO

141 1030 267 1111 IN
367 1029 440 1109 L.
539 1027 1211 1113 SERGIVM
1301 1034 2151 1121 CATILINAM

916 1191 1360 1251 SECVNDA

465 1325 921 1407 HABITA
996 1324 1140 1407 AD
1214 1324 1795 1412 POPVLVM.

58 1588 531 1717 Toou-,gam

123 1659 307 1717 andem
350 1659 660 1732 ahquando
679 1703 695 1732 ,
764 1657 1016 1728 Quirites
1033 1702 1048 1729 ,
1109 1657 1174 1714 L.
1227 1656 1564 1731 Catilinam,
1630 1657 1919 1718 furentem
1974 1662 2234 1738 audacia,
2256 1675 2294 1739 1

56 1757 215 1815 scelus
279 1758 678 1830 anhelantem,
756 1760 981 1828 pestem
1043 1754 1267 1827 patriae
1333 1753 1557 1813 nefarie
1618 1756 1949 1814 molientem
1968 1803 1983 1832 ,
2072 1761 2233 1818 vobis
2257 1772 2287 1825 1

8 1846 9 1875 ²
54 1852 200 1918 atque
252 1847 381 1904 huic
439 1845 571 1902 urbi
631 1844 789 1902 ferro
847 1841 1192 1914 flammaque
1215 1836 1266 1920 ¹)
1325 1843 1689 1901 minitantem
1709 1889 1725 1918 ,
1801 1861 1873 1901 ox
1935 1846 2079 1904 urbe
2138 1850 2234 1906 vel

57 1932 289 1992 eiecimus
345 1934 441 1992 vel
499 1933 789 1991 emisimus
842 1933 932 1988 vel
990 1932 1178 2003 ipsum
1234 1930 1633 2002 egredientem
1691 1933 1883 1991 verbis
1939 1938 2231 2007 prosecuti

55 2038 231 2080 sumus,
314 2022 509 2096 Abiit,
568 2020 848 2093 excessit,
906 2020 1122 2093 evasit,
1180 2020 1387 2092 erupit.
1478 2019 1654 2078 Nulla
1700 2021 1817 2079 iam
1861 2024 2149 2095 pernicies
2196 2040 2232 2081 a

54 2118 266 2169 monstro
310 2112 411 2168 illo
458 2115 632 2184 atque
671 2107 933 2182 prodigio
977 2107 1277 2165 moenibus
1334 2108 1475 2180 ipsis
1518 2109 1672 2167 intra
1728 2111 1958 2169 moenia
2003 2128 2231 2186 compa-

56 2200 253 2259 rabitur.
355 2200 550 2272 Atque
595 2198 749 2256 hunc
793 2197 1023 2269 quidem
1067 2213 1243 2254 unum
1286 2197 1455 2255 huius
1498 2198 1637 2256 belli
1681 2200 1978 2258 domestici
2024 2201 2231 2261 ducem
2345 2255 2348 2258 .

60 2288 156 2345 sine
179 2288 568 2347 controversia
611 2286 850 2344 vicimus
862 2308 881 2364 5
905 2302 1045 2372 ,9911
1091 2286 1244 2344 enim
1285 2286 1401 2343 iam
1444 2285 1597 2345 inter
1638 2288 1826 2346 latera
1869 2295 2066 2348 nostra
2111 2292 2232 2349 sica

65 2376 141 2433 ina
172 2376 519 2450 versabitur3
575 2390 691 2433 non
732 2375 794 2431 in
818 2368 1099 2447 *campos
1127 2391 1243 2432 non
1286 2374 1348 2430 in
1389 2371 1545 2448 for0,
1605 2393 1720 2434 non
1764 2376 1825 2433 in
1869 2379 2072 2462 curia„
2117 2396 2233 2460 non

58 2463 267 2538 denique
324 2467 480 2524 intra
525 2463 866 2522 domesticos
918 2463 1173 2535 parietes
1227 2463 1701 2535 pertimescemus
1725 2457 1797 2545 2).
1917 2457 2100 2524 Loc'o'
2131 2463 2231 2526 ill'e

10 2563 11 2566 ’
54 2560 209 2613 motus
247 2558 369 2627 est,
431 2568 561 2610 cum
608 2556 697 2610 est
750 2568 819 2609 ex
875 2551 1016 2628 urbe
1038 2551 1347 2633 xdepulsus.
1448 2549 1647 2610 Palam
1707 2553 1823 2609 iam
1880 2570 2008 2611 cum
2068 2555 2232 2638 lioste
2283 2617 2292 2636 ι

12 2675 15 2710 5
52 2643 181 2701 nullo
224 2641 577 2714 impediente
621 2639 838 2697 bellum
883 2615 1134 2713 [iustum]
1158 2633 1211 2719 ³)
1256 2654 1538 2711 geremus.
1644 2640 1778 2698 Sine
1822 2640 1998 2700 dubio
2042 2643 2235 2715 perdi—

53 2728 208 2789 dimus
269 2730 561 2788 hominem
625 2724 1043 2800 magnificeque
1101 2728 1368 2800 vicimuS,
1444 2743 1571 2784 cum
1635 2728 1794 2785 illum
1858 2748 1930 2788 ex
1996 2731 2234 2789 occultis

51 2818 243 2879 insidiis
301 2819 363 2877 in
433 2821 698 2891 apertum
762 2815 1123 2873 latrocinium
1191 2816 1555 2874 coniecimus.
1681 2807 1843 2887 Quod
1907 2836 2045 2878 vero
2116 2836 2234 2878 non
2256 2832 2291 2889 2

12 2933 17 2940 ·
54 2914 325 2967 cruentum
368 2922 732 2978 mucronem,
790 2909 854 2962 ut
893 2904 1101 2978 voluit,
1159 2905 1389 2978 extulit,
1450 2903 1600 2975 quod
1640 2905 1784 2963 vivis
1828 2906 1992 2965 nobis
2039 2925 2234 2982 egres-

14 2991 15 2994 ’
52 3011 121 3055 sus
162 3003 280 3070 est,
343 2993 496 3068 quod
543 2994 598 3051 ei
643 2992 861 3052 ferrum
907 3008 940 3049 e
986 2992 1247 3050 manibus
1294 2993 1665 3067 extorsimuS,
1724 2995 1876 3065 quod
1916 2996 2232 3055 incolumes

59 3086 199 3159 cives,
261 3083 417 3157 quod
459 3087 708 3140 stantem
751 3081 955 3139 urbem
993 3081 1255 3155 reliquit,
1308 3089 1524 3153 quanto
1576 3081 1810 3139 tandem
1863 3084 2024 3141 illum
2078 3100 2234 3143 mae·

57 3187 149 3232 rore
200 3187 331 3231 esse
373 3169 664 3229 adflictum
709 3175 770 3227 et
807 3166 1172 3242 profligatum
1216 3170 1471 3240 putatis?
1556 3170 1719 3228 Iacet
1762 3171 1862 3230 ille
1907 3189 2059 3230 nunc
2101 3190 2235 3245 pro·

54 3266 349 3334 stratusque
396 3264 487 3317 est
541 3263 603 3317 et
657 3257 1105 3351 seffipffculsum
1165 3264 1340 3329 atque
1401 3258 1691 3315 abiectum
1752 3275 1882 3319 esse
1942 3261 2116 3319 sentit
2175 3266 2235 3320 et

16 3354 322 3426 ¹retorquet
368 3348 562 3406 oculos
617 3328 910 3418 p‘fofecm‘*
937 3362 1112 3418 saepe
1172 3344 1247 3402 ad
1305 3345 1454 3403 hanc
1513 3347 1747 3420 urbem,
1802 3365 1973 3421 quam
2037 3367 2070 3408 e
2116 3351 2233 3407 suis

48 3434 277 3498 faucibus
324 3441 588 3510 ereptam
641 3450 769 3492 esse
815 3436 1001 3512 luget:
1056 3450 1204 3506 quae
1253 3433 1485 3505 quidem
1537 3433 1747 3492 laetari
1802 3438 1941 3495 1111111
1984 3438 2232 3514 videtur,

49 3529 164 3596 quod
210 3532 440 3586 tantam
484 3528 709 3597 pestem
756 3517 1073 3581 euomuerit
1109 3522 1378 3596 forasque
1422 3523 1750 3594 proiecerit.

155 3749 205 3815 1)
274 3743 364 3797 Sic
424 3758 452 3795 e
510 3739 625 3793 cod.
691 3738 963 3792 Gemblac.
1023 3736 1268 3808 Madvig3
1343 3737 1506 3808 vulgo
1563 3740 1776 3807 ferrum
1833 3741 2231 3809 flammamque.

48 3813 84 3880 2)
108 3818 568 3884 perhorrescemus
603 3814 715 3864 tres
752 3809 929 3876 codd.,
966 3810 1170 3877 recepit
1206 3810 1385 3863 Halm.
1646 3813 1700 3879 3)
1739 3811 1947 3866 iustum
1984 3830 2087 3867 om.
2123 3817 2231 3866 tres

18 3953 19 3972 Χ
50 3888 187 3958 codd„
229 3902 337 3939 om.
376 3884 552 3936 Halm.
