2669 4354
1195 1017 1831 1138 'ORATIO

1475 1238 1605 1280 PRO

668 1354 1181 1439 REGE
1334 1352 2419 1436 DEIOTARO

1491 1530 1583 1570 AD

1041 1647 1110 1728 O.
1213 1643 2035 1727 CAESAREM.

1382 1854 1688 1862 -—-—-—

1215 2022 1854 2088 ARGVMENTVM.

432 2164 715 2218 Deiotarus
752 2162 1024 2217 tetrarcha
1050 2161 1507 2219 Gallo-Graeciae
1536 2161 1645 2216 sive
1670 2159 1919 2216 Galatiae
1954 2160 2075 2215 fuit.
2146 2160 2202 2214 Is
2217 2201 2235 2228 ‚
2272 2162 2422 2231 quod
2454 2182 2668 2219 summa

500 2235 614 2289 eius
650 2235 707 2287 in
743 2233 1008 2287 Romanos
1059 2233 1193 2287 fides
1231 2234 1536 2299 constabat,
1586 2250 1617 2285 a
1651 2232 1908 2300 Pompeio
1947 2248 2114 2299 regno
2153 2233 2444 2287 Armeniae
2488 2236 2655 2289 mino-

502 2306 577 2357 ris
616 2306 841 2358 donatus
877 2307 933 2358 et
969 2321 1001 2358 a
1037 2307 1226 2358 senatu
1264 2321 1356 2357 rex
1395 2307 1478 2357 est
1516 2303 1838 2372 appellatus
1911 2303 2013 2355 His
2052 2303 2144 2356 ille
2186 2303 2464 2357 beneficiis
2505 2323 2658 2359 sena-

502 2379 594 2428 tus
631 2375 956 2443 Pompeique
993 2379 1268 2443 permotus
1315 2391 1433 2427 cum
1486 2375 1542 2426 in
1577 2373 1720 2427 bello
1759 2374 1904 2427 civili
1939 2374 2197 2441 Pompeio
2240 2375 2448 2428 auxilia
2483 2377 2657 2429 misis-

502 2449 586 2499 set
637 2445 825 2513 (CaeS.
864 2445 926 2497 B.
968 2445 1083 2498 Civ.
1124 2445 1235 2510 III,
1274 2444 1375 2513 4.),
1435 2443 1686 2497 Caesaris
1740 2445 1973 2497 animum
2024 2443 2274 2513 offendit,
2334 2462 2652 2516 quamquam

500 2519 623 2585 post
666 2515 1033 2569 Pharsalicum
1081 2515 1342 2583 proelium
1394 2514 1461 2567 ad
1509 2514 1622 2568 eius
1671 2516 1855 2584 partes
1901 2513 2136 2568 transiit.
2224 2514 2422 2583 Itaque
2461 2516 2658 2569 Caesar

500 2602 616 2639 cum
672 2585 814 2639 bello
850 2586 1209 2639 Alexandrino
1259 2585 1552 2652 composito
1602 2586 1656 2638 in
1697 2585 1878 2638 Asiam
1929 2584 2249 2651 PharnaciS,
2293 2586 2461 2639 Ponti
2497 2588 2655 2655 regis,

497 2657 638 2709 bello
676 2656 1032 2725 persequendi
1068 2672 1227 2709 causa
1264 2656 1530 2724 venisset,
1584 2671 1645 2708 eo
1684 2655 1891 2708 devicto
1935 2656 2093 2709 etiam
2129 2655 2448 2709 Deiotarum
2497 2673 2655 2726 regno

498 2727 777 2781 Armeniae
817 2729 873 2779 et
907 2729 1062 2794 parte
1098 2726 1428 2795 reliquarum
1465 2727 1861 2794 possessionum
1899 2726 2149 2779 multavit
2187 2725 2343 2792 (bell.
2363 2727 2657 2780 Alexandr.

500 2814 543 2850 c.
584 2798 717 2864 78.)‚
765 2813 960 2850 nomen
1005 2800 1183 2850 autem
1223 2813 1279 2850 re
1319 2796 1431 2848 ium
1470 2798 1525 2849 et
1569 2800 1748 2850 cetera
1793 2801 2013 2850 senatus
2063 2795 2324 2849 beneficia
2375 2799 2657 2851 concessit.

498 2867 646 2922 Idem
684 2883 803 2920 cum
850 2883 912 2920 eo
962 2870 1200 2936 tempore
1250 2882 1282 2919 a
1369 2881 1552 2935 regem
1579 2866 1948 2931 devertisset,
2011 2865 2392 2920 liberalissime
2441 2867 2506 2920 ab
2561 2867 2664 2920 hoc

500 2936 715 2992 habitus
765 2939 848 2990 est
890 2936 1275 3006 magnificeque
1312 2936 1544 2990 donatus
1600 2937 1687 3004 (de
1744 2937 1970 2992 divinat.
2015 2937 2093 3006 11,
2133 2937 2218 3002 37,
2253 2936 2362 3004 78).
2454 2937 2661 2991 Graves

498 3012 677 3061 autem
713 3008 1022 3061 inimicitiae
1059 3006 1467 3061 intercedebant
1489 3007 1744 3060 Deiotaro
1773 3025 1894 3061 cum
1920 3008 2165 3073 Castore,
2209 3023 2271 3060 ex
2297 3008 2415 3062 filia
2443 3012 2657 3077 nepote,

499 3095 634 3146 quae
661 3077 1020 3132 Saocondario
1059 3078 1170 3146 vel,
1209 3080 1270 3131 ut
1307 3077 1404 3131 alii
1437 3078 1690 3144 tradunt,
1731 3077 1940 3132 Castori
1979 3077 2188 3132 cuidam
2227 3079 2424 3132 maiori
2462 3095 2662 3145 nupse-

496 3152 596 3203 rat.
689 3149 877 3218 Itaque
921 3165 1043 3202 cum
1082 3147 1276 3201 Castor
1323 3163 1536 3201 omnem
1586 3165 1684 3201 avo
1738 3150 1966 3203 nocendi
2013 3149 2345 3202 occasionem
2394 3152 2657 3216 captaret,

496 3219 649 3273 illum
688 3219 891 3273 Romae
930 3219 1242 3272 criminatus
1279 3221 1393 3283 est,
1441 3217 1580 3289 quod
1621 3219 1838 3274 Caesari
1888 3219 2031 3287 apud
2068 3236 2125 3272 se
2165 3218 2476 3273 deversanti
2528 3219 2660 3271 insi-

497 3291 614 3343 dias
666 3290 973 3356 struxisset,
1031 3292 1191 3358 atque
1245 3290 1305 3341 ut
1355 3289 1592 3342 firmaret
1637 3290 2057 3352 accusationem,
2117 3305 2328 3343 servum
2390 3290 2660 3359 quendam

495 3359 824 3428 Phidippum
861 3359 1142 3424 medicum,
1179 3374 1337 3428 quem
1372 3376 1461 3413 rex
1495 3375 1615 3412 cum
1649 3360 1848 3427 legatis
1875 3361 2100 3414 Romam
2137 3359 2388 3426 miserat,
2429 3360 2658 3428 pecunia

495 3430 735 3553 {²353}
776 3428 2478 3555 &3312„33:⁶¹510t31123uzzb0133t232mLssfiffssassgifissz{iim
2518 3445 2654 3552 31¹3·

496 3586 632 3624 cum.
723 3570 778 3623 Is
828 3587 992 3624 causa
1034 3574 1289 3639 suscepta
1331 3542 1476 3638 apud
1530 3569 1812 3625 Caesarem
1859 3574 1999 3626 intra
2047 3516 2371 3625 domegticos
2421 3571 2652 3641 parietes

497 3657 677 3708 regem
713 3640 957 3695 defendit
993 3646 1049 3697 et
1093 3659 1200 3695 non
1249 3641 1405 3695 modo
1463 3645 1628 3710 caput
1670 3643 2032 3696 accusationis
2089 3641 2282 3707 diluit,
2345 3644 2442 3695 sed
2477 3643 2654 3694 cetera

496 3713 660 3764 etiam
695 3712 977 3777 refutavit,
1016 3729 1151 3781 quae
1189 3712 1426 3765 criminis
1452 3711 1804 3766 confirmandi
1842 3730 2000 3767 causa
2038 3712 2222 3766 adlata
2260 3716 2442 3773 erant,
2481 3709 2650 3763 veluti

498 3779 563 3832 de
612 3780 733 3832 odio
771 3780 1011 3835 Deiotari
1057 3782 1114 3835 in
1151 3782 1465 3848 Caesarem,
1523 3781 1588 3835 de
1638 3785 1870 3837 exercitu
1918 3786 2106 3836 contra
2153 3799 2274 3836 eum
2324 3780 2647 3852 comparato,

498 3849 618 3902 alia.
696 3848 961 3904 Iudicium
998 3851 1198 3906 Caesar
1235 3851 1512 3906 distulisse
1550 3851 1788 3917 videtur,
1847 3854 1969 3908 dum
2020 3854 2136 3922 ipse
2185 3854 2241 3905 in
2277 3853 2468 3906 Asiam
2507 3847 2652 3902 veni—
