2669 4354
424 292 550 352 388
1104 302 1322 348 omno
1365 304 1622 347 mmmm.
1666 305 1939 348 sncvnnA

320 485 401 542 98
423 486 677 554 emptor,
754 483 846 538 cui
913 480 1166 540 defuerit
1224 481 1319 538 hic
1389 480 1669 540 venditor.
1780 480 1860 538 Et
1923 479 1996 537 de
2065 478 2360 538 exsulibus
2428 479 2622 551 legem,

422 584 589 641 quam
644 569 847 642 fixisti,
912 569 1130 628 Caesar
1186 569 1356 626 tulit?
1444 568 1674 625 Nullius
1716 567 1966 626 insector
2011 568 2430 625 calamitatem:
2494 573 2622 625 tam-

422 661 542 714 tum
587 673 834 730 queror,
884 658 1128 728 primum
1178 672 1374 713 eorum
1419 656 1640 713 reditus
1684 661 1962 728 aequatos
1982 650 2063 736 ¹),
2119 664 2375 727 quorum
2405 671 2622 712 causam

423 743 638 802 Caesar
702 744 1037 802 dissimilem
1107 744 1408 818 iudicarit3
1487 743 1696 801 deinde
1766 745 1989 814 nescio,
2055 759 2155 800 cur
2212 758 2334 800 non
2394 743 2621 814 reliquis

421 832 574 889 idem
620 832 867 889 tribuas:
925 850 1113 905 neque
1173 831 1325 890 enim
1378 831 1505 903 plus
1567 847 1738 904 quam
1789 836 1910 888 tres
1966 837 2067 888 aut
2110 835 2386 902 quattuor
2427 831 2619 902 reliqui
2656 888 2657 899 χ

420 927 566 979 sunt.
659 918 768 988 Qui
813 920 985 978 simili
1029 921 1088 977 in
1135 920 1467 979 calamitate
1509 924 1644 975 sunt
1662 913 1736 997 ²),
1782 932 1884 975 ‘cur
1928 925 2031 975 tua
2078 917 2481 976 misericordia
2522 935 2619 975 non
2656 916 2657 973 ἶ

422 1008 595 1065 simili
649 1006 955 1064 fruuntur?
1013 1024 1117 1065 cur
1169 1023 1266 1065 eos
1325 1007 1507 1064 habes
1560 1007 1622 1063 in
1677 1007 1802 1064 loco
1861 1005 2094 1079 patrui?
2155 1007 2228 1063 de
2290 1022 2403 1077 quo
2463 1002 2657 1076 ferra}

421 1110 552 1152 cum
600 1094 672 1152 de
718 1095 955 1167 reliquis
1001 1095 1215 1168 ferree,
1262 1094 1528 1152 noluisti:
1570 1110 1742 1166 quem
1787 1094 1963 1152 etiam
1993 1094 2068 1151 ad
2101 1110 2404 1152 censuram
2434 1098 2620 1167 peten-

419 1183 552 1240 dam
619 1182 899 1254 impulisti
961 1199 1204 1255 eamque
1269 1183 1610 1255 petitionem
1677 1183 2050 1254 comparasti,
2133 1198 2282 1253 quae
2363 1186 2426 1239 et
2487 1182 2619 1238 risus

318 1274 400 1330 99
418 1270 710 1327 hominum
777 1276 839 1327 et
899 1270 1187 1343 querellas
1248 1275 1526 1330 moveret.
1637 1266 1751 1326 Cur
1818 1275 2013 1328 autem
2082 1282 2155 1327 ea
2223 1270 2459 1327 comitia
2521 1284 2619 1325 non

417 1358 713 1415 habuisti?
799 1375 874 1415 an
949 1359 1085 1429 quia
1158 1359 1424 1416 tribunus
1489 1359 1563 1429 pl.
1635 1357 1926 1414 sinistrum
1997 1355 2216 1414 fulmen
2286 1356 2619 1414 nuntiabat?

419 1444 558 1503 Cum
599 1450 701 1502 tua
743 1445 881 1516 quid
921 1447 1198 1519 interest,
1260 1446 1421 1503 nulla
1473 1444 1732 1518 auspicia
1787 1451 1947 1503 sunt:
2002 1460 2131 1501 cum
2186 1450 2452 1518 tuorum,
2509 1450 2616 1501 tum

415 1531 483 1590 fis
523 1533 847 1606 religiosus.
939 1532 1123 1604 Quid?
1186 1533 1436 1591 eundem
1480 1533 1541 1589 in
1584 1535 1995 1605 septemviratu
2040 1548 2231 1591 nonne
2280 1533 2616 1591 destituisti?

416 1619 736 1678 Intervenit
781 1621 962 1694 enim,
1024 1622 1116 1677 cui
1161 1621 1445 1692 metuisti,
1509 1620 1682 1679 credo
1701 1615 1780 1701 ⁸),
1840 1638 1914 1679 ne
1968 1621 2126 1677 salvo
2173 1621 2367 1693 capite
2416 1634 2616 1692 negare

416 1725 533 1766 non
586 1722 799 1780 posses.
890 1707 1165 1765 Omnibus
1224 1725 1354 1767 eum
1430 1708 1793 1766 contumeliis
1856 1709 2142 1782 onerasti,
2211 1724 2385 1780 quem
2453 1708 2618 1780 patris

416 1797 575 1869 locO,
634 1797 683 1854 si
738 1796 857 1853 ulla
906 1796 967 1852 in
1019 1801 1079 1853 te
1111 1796 1324 1868 pietas
1381 1800 1563 1870 esset,
1627 1797 1819 1854 colere
1873 1790 2143 1854 debebas.
2234 1795 2447 1853 Filiam
2492 1797 2617 1865 eiuS,

414 1898 672 1941 sororem
727 1889 913 1957 tuam,
982 1884 1236 1958 eiecisti,
1297 1885 1415 1941 alia
1465 1884 1799 1942 condicione
1862 1884 2127 1955 quaesita
2189 1887 2250 1940 et
2307 1890 2441 1941 ante
2499 1874 2657 1956 per-¹

414 1977 615 2044 specta
630 1966 702 2052 4).
795 1972 923 2029 Non
958 1978 1046 2029 est
1074 1973 1248 2029 satis:
1278 1972 1481 2043 probri
1511 1973 1855 2029 insimulasti
1882 1971 2313 2043 pudicissimam
2342 1971 2617 2031 feminam.

415 2059 564 2130 Quid
610 2066 701 2117 est
743 2059 910 2130 quod
937 2059 1072 2116 addi
1106 2060 1329 2132 possit?
1421 2057 1737 2118 Contentus
1794 2074 1864 2117 eo
1908 2076 2026 2117 non
2070 2056 2247 2115 fuisti.
2332 2058 2619 2130 Frequen-

411 2147 634 2205 tissimo
680 2152 887 2205 senatu
938 2145 1218 2205 Kalendis
1265 2147 1552 2205 Ianuariis
1611 2145 1850 2207 sedente
1906 2152 2111 2219 patruo
2158 2146 2319 2205 hanc
2348 2144 2452 2204 tibi
2494 2158 2612 2202 esse

414 2253 541 2293 cum
585 2235 892 2293 Dolabella
937 2247 1168 2293 causam
1215 2234 1331 2293 odii
1377 2234 1572 2302 dicere
1616 2253 1788 2293 ausus
1850 2251 1947 2309 eS,
2010 2236 2163 2308 quod
2208 2234 2278 2292 ab
2327 2251 2395 2292 eo
2441 2232 2609 2290 sorori

415 2329 475 2380 et
525 2324 708 2380 uxori¹
745 2328 883 2380 tuae
941 2328 1202 2396 stuprum
1258 2337 1389 2381 esse
1449 2323 1704 2380 oblatum
1762 2324 2158 2395 comperisses.
2252 2324 2390 2393 Quis
2440 2323 2610 2377 inter-

410 2410 632 2482 pretari
674 2416 890 2484 potest,
934 2411 1402 2484 impudentiorne
1424 2456 1438 2484 ,
1485 2412 1583 2483 qui
1626 2413 1690 2468 in
1730 2416 1935 2470 senatu
1954 2455 1969 2483 ,
2030 2425 2106 2467 an
2148 2412 2488 2483 improbior,
2528 2408 2614 2480 qui

411 2498 473 2554 in
512 2497 871 2555 Dolabellam
890 2543 905 2572 ,
952 2515 1027 2555 an
1071 2499 1379 2572 impurior,
1425 2500 1521 2571 qui
1565 2504 1733 2572 patre
1754 2491 1807 2579 ⁵)
1851 2499 2126 2556 audiente
2141 2543 2156 2571 ,
2204 2492 2278 2555 an
2319 2498 2611 2566 crudelior,

308 2583 395 2650 39
412 2586 510 2658 qui
553 2586 615 2642 in
658 2585 816 2643 illam
852 2587 1124 2644 miseram
1169 2593 1288 2643 tam
1339 2601 1579 2659 spurce,
1638 2592 1759 2644 tam
1815 2587 1991 2659 impie
2054 2586 2343 2643 dixeris?
2397 2584 2511 2643 Sed
2548 2582 2611 2641 ad

269 2679 393 2737 100
412 2672 795 2746 chirographa
854 2673 1178 2732 redeamus
1287 2673 1448 2743 Quae
1516 2679 1617 2731 tua
1680 2672 1790 2731 fuit
1844 2674 2149 2747 cognitio?
2250 2672 2405 2731 Acta
2474 2672 2609 2729 enim
2656 2711 2657 2718 κ

355 2775 360 2780 ·
412 2760 679 2818 Caesaris
737 2762 896 2834 pacis
959 2778 1130 2819 causa
1186 2760 1524 2819 confirmata
1588 2768 1719 2820 sunt
1777 2779 1814 2819 a
1876 2766 2083 2820 senatu
2100 2806 2117 2833 ,
2184 2775 2334 2833 quae
2399 2759 2609 2834 quidem

411 2848 630 2906 Caesar
673 2850 920 2922 egisset,
964 2865 1080 2906 uon
1121 2866 1225 2922 ea,
1273 2865 1421 2921 quae
1468 2850 1658 2922 egisse
1690 2848 1999 2907 Caesarem
2044 2850 2285 2907 dixisset
2328 2848 2610 2907 Antonius.

409 2935 578 2994 Unde
631 2936 744 2993 ista
800 2939 1149 3009 erumpunt?
1215 2953 1326 3009 quo
1386 2943 1623 2995 auctore
1680 2936 2098 3009 proferuntur?
2165 2938 2214 2995 si
2275 2943 2410 2994 sunt
2465 2933 2608 3006 falsa,

411 3037 514 3081 cur
571 3024 935 3097 probantur?
999 3026 1047 3082 si
1096 3039 1263 3097 vera,
1325 3040 1435 3081 cur¹
1486 3028 1782 3083 veneunt?
1889 3026 1968 3082 At
2029 3027 2113 3082 sic
2157 3026 2489 3097 placuerat,
2554 3026 2610 3077 ut

408 3110 689 3170 Kalendis
709 3106 761 3191 ⁶)
801 3111 980 3169 Iuniis
1042 3109 1115 3170 de
1160 3110 1426 3170 Caesaris
1480 3114 1627 3170 actis
1691 3127 1819 3171 cum
1882 3113 2122 3171 consilio
2184 3109 2608 3187 cognosceretis,

584 3353 637 3420 1)
676 3354 764 3407 Sic
798 3352 864 3407 de
902 3352 1197 3407 Camerarii
1242 3353 1380 3407 coni.
1417 3350 1663 3422 Madvig3
1716 3354 1868 3408 codd.
1914 3353 2239 3423 imJumato-s‘
2253 3393 2270 3421 ‚
2322 3349 2461 3423 quod
2494 3348 2606 3405 reti-

405 3424 536 3477 nent
591 3424 781 3487 Halm,
838 3423 947 3477 alii.
1162 3425 1216 3490 2)
1271 3424 1356 3477 Sic
1411 3423 1682 3490 Faernu83
1743 3425 1868 3479 Vat.
1921 3425 2266 3480 calamitates
2321 3431 2407 3488 αις
2465 3421 2605 3499 vulgo
2656 3443 2657 3448 ¹

407 3493 718 3547 calamitate
742 3493 973 3575 fuerint.
1116 3495 1170 3562 3)
1209 3493 1297 3547 Sic
1332 3494 1510 3547 locum
1546 3466 1789 3549 restituit
1821 3494 2062 3565 Madvig.
2132 3495 2436 3548 Intervenit
2465 3490 2604 3556 enim,

408 3578 529 3615 cam
582 3563 846 3631 metuisti,
903 3562 1057 3617 credo
1110 3581 1172 3617 ex
1214 3561 1495 3619 Vaticans
1516 3565 1859 3631 Wernsdorf3
1917 3513 2082 3633 vulgo
2133 3565 2423 3619 intervenit
2467 3561 2604 3615 enim

413 3631 559 3698 Quid
594 3634 685 3701 (al.
722 3650 867 3698 cam,
912 3635 1011 3687 vel.
1048 3635 1224 3702 quem)
1273 3633 1556 3689 metuisti?
1626 3634 1825 3705 Crede,
1871 3652 1938 3689 ne
1974 3641 2065 3690 cet.
2279 3637 2336 3702 4)
2372 3631 2525 3689 Multi
2554 3645 2605 3681 ex

410 3701 630 3756 Graevii
663 3703 800 3756 coni.
836 3704 1161 3774 scripserunt
1186 3710 1489 3772 prospecta.
1563 3704 1686 3759 Vat.
1723 3677 2072 3774 peidspectia
2284 3708 2342 3772 5)
2394 3705 2479 3758 Sic
2518 3716 2602 3756 rec
2656 3701 2657 3832 Ξ

410 3770 563 3824 codd.
624 3774 680 3824 et
730 3772 898 3827 Prisc.
962 3774 1049 3827 ΙΠ
1085 3774 1143 3839 2,
1198 3776 1281 3829 15.
1353 3775 1478 3829 Vat.
1528 3780 1768 3844 patruo,
1826 3776 1969 3845 quod
2024 3778 2226 3831 retinet
2269 3776 2459 3837 Halm,
2509 3770 2600 3825 alii
2656 3787 2657 3798 ¹

410 3842 480 3965 (ἐξ,
503 3840 836 3966 {xalMuret
874 3860 997 3910 scr.;
1047 3845 1104 3897 in
1141 3844 1267 3898 Vat.
1304 3850 1369 3897 ut
1405 3845 1581 3910 deest3
1620 3847 1784 3914 vulgo
1823 3865 1886 3900 ex
1929 3850 2055 3901 cett.
2095 3845 2242 3902 codd.
2281 3846 2523 3900 exhibent
2551 3843 2603 3893 ut
2656 3861 2657 3890 ι
