2669 4354
458 243 584 303 358
1127 259 1346 301 omno
1383 260 1643 301 rmum.
1688 258 1961 298 snovmul

452 431 673 506 factuS,
737 448 913 489 unam
958 431 1172 489 tribum
1212 428 1340 488 sine
1388 430 1637 489 Curione
1683 429 1839 488 ferre
1897 430 2228 503 potuisses?
2286 430 2441 486 cuius
2489 428 2634 485 etiau

452 519 772 578 familiares
846 519 944 577 de'
995 520 1053 576 vi
1132 519 1502 577 condemnati
1568 524 1725 592 sunt,
1802 518 1957 590 quod
2030 518 2114 574 tui
2189 516 2362 575 nimis
2434 515 2633 574 stadios]

452 606 718 667 fuissent.

392 700 437 766 3
626 695 708 753 At
749 692 1036 753 beneficio
1081 712 1207 753 sum
1250 699 1352 751 tuo
1395 711 1547 752 usus
1651 692 1814 763 Quo?
1877 709 2225 765 quamquam
2272 692 2417 750 illud
2466 691 2634 763 ipsum

396 793 432 851 5
452 783 606 856 quod
651 799 1063 841 commemoras
1077 828 1093 856 ,
1147 798 1380 855 semper
1421 798 1564 853 prae
1608 798 1699 839 me
1746 781 1883 840 tuli:
1943 782 2122 838 malui
2166 797 2262 839 me
2305 780 2411 838 tibi
2456 779 2634 838 debere

452 869 718 930 confiteri
764 887 934 943 quam
977 871 1241 943 cuiquam
1293 870 1483 927 minus
1534 869 1809 942 prudenti
1851 885 1965 926 non
2022 870 2165 926 satis
2223 874 2426 940 gratus
2470 866 2634 925 videri.

450 958 569 1018 Sed
628 976 739 1032 quo
794 956 1119 1017 beneficio?
1187 957 1342 1030 quod
1393 974 1484 1015 me
1543 957 1838 1014 Brundisii
1896 973 2012 1014 non
2063 956 2394 1015 occideris?
2495 955 2634 1026 Quem

450 1048 577 1119 ipse
614 1048 826 1121 victor,
875 1047 972 1118 qui
1017 1046 1151 1119 tibi,
1194 1050 1261 1102 ut
1300 1050 1426 1103 tute
1467 1045 1704 1119 gloriari
1739 1043 1995 1117 solebas,
2042 1045 2339 1103 detulerat
2384 1061 2459 1102 ex
2500 1045 2633 1100 latro-

450 1134 621 1192 nibus
679 1135 798 1192 suis
848 1134 1263 1207 principatum,
1322 1133 1544 1190 salvum
1602 1149 1731 1191 esse
1791 1133 2101 1205 voluisset,
2166 1133 2231 1191 in
2291 1133 2525 1190 Italiam
2573 1133 2631 1188 ire

450 1223 740 1295 iussisset,
801 1238 936 1279 eum
978 1228 1043 1279 tu
1065 1215 1117 1300 ¹)
1176 1221 1515 1279 occideres?
1599 1221 1722 1278 Fac
1766 1221 2039 1293 potuisse.
2140 1220 2307 1291 Quod
2363 1226 2457 1278 est
2499 1217 2631 1287 aliud,

449 1315 647 1382 patres
719 1310 1056 1382 conscripti,
1124 1306 1467 1366 beneficium
1540 1308 1856 1381 latronum,
1924 1309 2038 1366 nisi
2098 1313 2165 1366 ut
2220 1321 2629 1366 commemorare

448 1399 673 1470 possint
721 1398 795 1455 iis
852 1413 917 1455 se
958 1396 1188 1455 dedisse
1232 1397 1439 1469 vitam,
1507 1397 1712 1468 quibus
1770 1412 1888 1454 non
1945 1396 2315 1454 ademerint?
2409 1394 2559 1468 Quod
2599 1391 2629 1448 si

450 1491 607 1543 esset
671 1483 1041 1558 beneficium,
1114 1501 1457 1556 numquam,
1532 1485 1631 1556 qui
1696 1484 1860 1541 illum
1925 1483 2355 1542 interfecerunt
2372 1530 2389 1559 ,
2462 1502 2498 1542 a
2553 1495 2628 1554 quo

449 1578 619 1632 erant
677 1574 1034 1646 conservati,
1109 1588 1252 1644 quos
1314 1577 1378 1628 tu
1402 1566 1456 1650 2)
1519 1572 1866 1630 clarissimos
1927 1573 2083 1629 viros
2138 1573 2291 1630 soles
2357 1572 2626 1646 appellare,

448 1666 671 1719 tantam
716 1666 912 1719 essent
955 1660 1197 1734 gloriam
1242 1660 1553 1717 consecuti.
1656 1659 1839 1730 Quale
1900 1665 2098 1718 autem
2158 1657 2510 1719 beneficium
2555 1661 2623 1727 est,

448 1749 601 1822 quod
640 1754 700 1806 te
747 1748 1097 1806 abstinueris
1142 1747 1366 1805 nefario
1408 1748 1669 1805 scelere?
1760 1748 1886 1819 Qua
1930 1748 1992 1804 in
2034 1763 2102 1807 re
2148 1764 2265 1805 non
2307 1754 2436 1807 tam
2476 1749 2623 1806 iucun-

447 1837 580 1895 dum
624 1837 762 1894 mihi
808 1836 993 1894 videri
1037 1834 1237 1893 debuit
1279 1852 1396 1893 non
1435 1835 1807 1894 interfectum
1850 1852 1943 1893 me
1965 1828 2018 1915 ⁸)
2065 1853 2101 1893 a
2145 1841 2206 1893 te
2226 1881 2241 1910 ,
2283 1854 2466 1909 quam
2502 1836 2623 1893 mise·

389 1939 426 1996 6
446 1943 575 1982 rum
618 1931 680 1983 te
725 1924 788 1981 id
831 1926 1067 1997 impune
1110 1921 1307 1981 facere
1353 1924 1624 1996 potuisse.
1715 1923 1832 1983 Sed
1875 1925 1951 1980 sit
1999 1921 2379 2000 beneficium,
2426 1922 2623 1997 quando·

446 2013 676 2084 quidem
731 2012 915 2070 maius
961 2011 1147 2083 accipi
1193 2027 1230 2068 a
1273 2011 1501 2069 latrone
1558 2011 1779 2069 nullum
1841 2012 2051 2083 potuit:
2102 2013 2166 2069 in
2209 2029 2325 2084 quo
2373 2018 2527 2086 potes
2560 2023 2633 2079 me}

445 2099 641 2158 dicere
686 2101 1018 2172 ingratum?
1076 2114 1151 2156 an
1195 2097 1269 2156 de
1325 2099 1565 2156 interitu
1614 2099 1705 2157 rei
1762 2100 2032 2171 publicae
2085 2100 2250 2172 queri
2301 2118 2427 2159 non
2480 2082 2633 2167 debull

444 2205 521 2246 ne
568 2190 630 2245 in
672 2193 731 2247 te
762 2189 1025 2260 ingratus
1068 2187 1343 2245 viderer?
1385 2187 1465 2244 At
1509 2188 1571 2245 in
1613 2189 1715 2245 illa
1758 2189 2025 2260 querella
2068 2190 2284 2247 misera
2333 2191 2550 2263 quidem
2583 2189 2622 2241 et

443 2276 739 2347 luctuosa,
801 2276 906 2335 sed
949 2275 1090 2333 mihi
1134 2292 1239 2349 pro
1287 2277 1400 2332 hoc
1445 2275 1656 2349 gradu,
1711 2276 1774 2332 in
1818 2292 1931 2349 quo
1976 2293 2069 2334 me
2116 2283 2358 2336 senatus
2405 2276 2618 2352 populus·

444 2378 556 2435 que
602 2363 894 2421 Romanus
936 2363 1282 2437 conlocavit,
1341 2363 1698 2437 necessaria,
1742 2364 1881 2436 quid
1928 2370 2019 2423 est
2060 2365 2278 2423 dictum
2326 2383 2368 2424 a
2408 2382 2495 2424 me
2528 2355 2631 2438 euml

445 2452 835 2508 contumelia?
885 2452 1020 2523 quid
1077 2469 1194 2509 non
1248 2450 1593 2509 moderate?
1648 2451 1787 2523 quid
1829 2469 1946 2510 non
1990 2454 2216 2511 amice‘?
2322 2454 2489 2526 Quod
2532 2448 2618 2524 qui·

443 2537 576 2597 dem
619 2539 782 2597 cuius
825 2539 1252 2612 temperantiae
1295 2537 1434 2612 fuit,
1474 2540 1549 2598 de
1577 2540 1659 2596 M.
1692 2539 1948 2599 Antonio
1978 2547 2321 2615 querentem
2374 2543 2629 2622 abstinere¹

443 2627 768 2685 maledictis
782 2621 864 2707 4),
917 2628 1264 2701 praesertim
1311 2643 1440 2683 cum
1496 2633 1560 2685 tu
1611 2628 1890 2701 reliquias
1948 2630 2038 2687 rei
2094 2629 2374 2701 publicae
2431 2625 2629 2710 dissipa-1

440 2716 650 2790 visseS,
697 2732 826 2773 cum
872 2715 1026 2774 domi
1069 2721 1206 2774 tuae
1251 2715 1580 2787 turpissimo
1628 2722 1891 2775 mercatu
1938 2718 2130 2775 omnia
2176 2726 2385 2778 essent
2420 2716 2618 2782 venalia,

442 2820 571 2861 cum
613 2805 775 2877 leges
820 2820 949 2877 eas,
994 2820 1143 2876 quae
1186 2815 1496 2875 numquam
1533 2804 1933 2879 promulgatae
1975 2810 2203 2879 essent,
2268 2811 2331 2864 et
2380 2808 2453 2866 de
2493 2811 2542 2863 te
2580 2805 2627 2876 et

440 2908 478 2949 a
518 2897 579 2949 te
623 2892 772 2950 latas
817 2888 1160 2950 confiterere
1178 2936 1194 2965 ,
1255 2907 1386 2948 cum
1431 2893 1689 2965 auspicia
1734 2909 1919 2965 augur
1936 2938 1951 2967 ,
2007 2895 2488 2954 intercessionem
2524 2906 2620 2948 con·

438 2981 529 3036 sul
574 2980 929 3054 sustulisses,
976 2995 1107 3037 cum
1154 2995 1311 3037 esses
1353 2978 1683 3039 foedissime
1717 2981 1964 3055 stipatus
1993 2983 2259 3056 armatiS,
2302 2998 2438 3042 cum
2465 2992 2620 3040 omnes

438 3068 804 3140 impuritates
848 3067 1139 3141 impudica
1183 3067 1246 3124 in
1290 3067 1459 3125 domo
1507 3068 1717 3127 cotidie
1764 3071 2118 3144 suscipereS,
2164 3070 2300 3128 vino
2348 3070 2625 3142 lustrisque*

379 3174 416 3227 7
439 3154 776 3215 confectus?
873 3156 954 3213 At
1014 3172 1154 3229 ego,
1218 3160 1511 3227 tamquam
1571 3157 1715 3214 mihi
1777 3173 1908 3215 cum
1964 3158 2047 3215 M.
2094 3155 2306 3216 Crasso
2368 3153 2619 3218 contentio

439 3249 625 3318 esset,
670 3260 910 3316 quocum
957 3245 1174 3301 multae
1221 3248 1283 3300 et
1326 3259 1572 3317 magnae
1595 3238 1648 3325 ⁵)
1691 3243 1957 3320 fuerunt,
2016 3262 2132 3304 non
2187 3263 2316 3305 cum
2379 3264 2491 3305 uno
2530 3243 2620 3316 gla-

435 3330 661 3390 diatore
707 3332 1088 3405 nequissimo,
1149 3330 1223 3389 de
1266 3347 1334 3389 re
1379 3332 1614 3405 publica
1668 3334 1927 3405 graviter
1977 3350 2231 3406 querens
2292 3336 2366 3394 de
2425 3331 2618 3393 homine

2622 3447 2623 3488 ι

2622 3499 2623 3526 l

608 3590 662 3656 1)
701 3590 763 3642 In
805 3587 919 3642 cod.
959 3587 1082 3642 Vat.
1121 3592 1204 3642 est
1239 3591 1334 3657 ut,
1388 3587 1531 3641 unde
1566 3587 1763 3643 Mutet.
1803 3593 1868 3642 ut
1905 3594 1981 3644 tu.
2164 3592 2220 3660 2)
2258 3592 2432 3661 Vulgo
2465 3590 2615 3644 contra

434 3656 558 3710 Vat.
598 3658 713 3712 cod.
751 3661 1127 3713 auctoritatem
1163 3658 1373 3712 addunt
1408 3659 1536 3725 ipse.
1693 3660 1748 3726 3)
1786 3675 1871 3712 me
1907 3661 2061 3715 deest
2095 3662 2155 3715 in
2191 3663 2364 3726 codd„
2405 3679 2437 3714 a
2458 3656 2612 3713 Lamb-

433 3731 561 3780 ante
595 3743 709 3780 non
743 3730 844 3783 int.
882 3729 1115 3784 additur.
1315 3731 1372 3797 4)
1423 3728 1549 3782 Cod.
1588 3729 1710 3783 Vat.
1750 3729 2051 3795 maledicti,
2092 3733 2234 3787 unde
2270 3733 2504 3786 Faernus
2536 3728 2621 3798 hoc}

329 3831 342 3842 ·
431 3798 701 3863 restituit;
740 3800 885 3866 vulg.
922 3799 1225 3853 maledicta
1346 3799 1400 3866 5)
1440 3797 1594 3864 Quod
1629 3801 1685 3853 in
1722 3800 1898 3855 Vatic.
1939 3804 2020 3854 est
2053 3801 2170 3855 iam
2203 3819 2442 3872 maynae,
2477 3797 2608 3854 Halm

429 3870 566 3924 coni.
603 3873 719 3921 tam
754 3886 988 3938 maynae
1001 3892 1019 3934 ;
1055 3870 1391 3937 Hirschfeld,
1431 3870 1704 3924 Eberhard
1741 3886 1875 3924 sane
1908 3888 2158 3940 maynae.
