2669 4354
713 260 825 301 Pno
869 262 999 301 snx.
1044 259 1250 301 Roscm
1296 261 1590 301 AMERINO.
2182 244 2261 301 15

56 430 125 487 At
180 431 424 488 hercule
469 432 719 488 maiores
779 434 965 488 nostri
1010 432 1181 504 longe
1226 432 1401 489 aliter
1447 437 1507 489 et
1551 431 1624 488 de
1671 431 1773 489 illo
1822 438 1882 489 et
1929 432 2001 488 de
2049 433 2262 490 ceteris

55 519 249 576 talibus
308 519 452 576 viris
519 518 956 592 existimabant3
1028 520 1227 590 itaque
1289 535 1362 575 ex
1421 519 1657 576 minima
1700 520 2148 591 tenuissimaque
2195 537 2261 577 re

54 606 269 676 publica
288 600 342 684 1)
403 608 710 664 maximam
767 612 827 664 et
884 605 1352 664 florentissimam
1402 607 1567 664 nobis
1626 607 2006 679 reliquerunt.
2116 607 2261 666 Suos

55 695 194 751 enim
263 711 436 766 agros
492 695 746 751 studiose
808 694 1105 768 colebant,
1173 711 1285 751 non
1348 695 1568 751 alienos
1628 695 1834 767 cupide
1881 695 2260 768 appetebant,

54 782 242 852 quibus
309 782 488 839 rebus
554 786 615 838 et
674 783 829 853 agris
890 788 951 839 et
1008 781 1244 838 urbibus
1302 787 1364 839 et
1423 782 1750 839 nationibus
1795 799 1920 840 rem
1970 784 2260 855 publicam

55 876 209 940 atque
269 871 383 926 hoc
426 870 735 942 imperium
782 874 843 927 et
886 870 1082 941 populi
1127 869 1373 927 Romani
1416 886 1628 926 nomen
1666 876 1967 927 auxerunt.
2056 872 2259 942 Neque
2282 879 2357 935 51

55 973 149 1028 ego
191 959 339 1015 haec
387 974 458 1015 eo
505 954 771 1030 profem,
816 974 925 1028 quo
970 955 1322 1015 conferenda
1361 957 1477 1014 sint
1522 973 1649 1014 cum
1693 959 1886 1031 hisce,
1933 958 2005 1016 de
2053 959 2260 1030 quibus

51 1060 190 1101 nunc
249 1046 615 1117 quaerimuS,
684 1044 788 1101 sed
851 1050 914 1101 ut
965 1045 1107 1101 illud
1158 1046 1560 1117 intellegatur,
1629 1062 1756 1101 cum
1816 1044 1966 1117 apud
2011 1047 2261 1103 maiores

51 1137 263 1190 nostros
333 1133 542 1190 summi
604 1133 714 1189 viri
785 1133 1200 1204 clarissimique
1266 1132 1557 1205 homineS,
1623 1134 1720 1204 qui
1788 1135 1942 1190 omni
2001 1138 2260 1205 tempore

53 1219 119 1275 ad
160 1220 559 1291 gubernacula
612 1220 701 1276 rei
759 1219 1029 1292 publicae
1091 1220 1299 1278 sedere
1360 1219 1685 1293 debebant,
1753 1228 1948 1278 tamen
1999 1222 2060 1278 in
2107 1222 2260 1295 agris

52 1324 260 1379 quoque
326 1309 589 1366 colendis
657 1307 1011 1379 aliquantum
1079 1324 1296 1380 operae
1358 1309 1746 1380 temporisque
1786 1310 2260 1381 consumpserint,

53 1395 256 1464 ignosci
314 1402 588 1469 oportere
633 1397 688 1453 ei
732 1396 948 1453 homini
973 1440 988 1468 ,
1048 1397 1147 1466 qui
1193 1413 1254 1453 se
1303 1395 1558 1452 fateatur
1598 1412 1724 1453 esse
1770 1397 2074 1469 rusticum,
2131 1414 2260 1453 cum

28 1483 164 1539 ¹ruri
209 1483 487 1541 adsiduus
532 1499 764 1556 semper
823 1483 1062 1556 vixerit,
1121 1500 1248 1540 cum
1291 1484 1639 1555 praesertim
1676 1483 1819 1540 nihil
1866 1490 2055 1557 esset,
2112 1483 2263 1556 quod
2299 1531 2312 1538 ..

54 1575 144 1626 aut
182 1573 337 1642 patri
386 1572 606 1644 gratius
651 1576 752 1628 aut
795 1570 902 1627 sibi
949 1571 1253 1628 iucundius
1299 1575 1402 1628 aut
1446 1588 1510 1628 re
1554 1586 1691 1628 vera
1735 1571 2033 1628 honestius
2064 1571 2260 1630 facere

53 1663 247 1727 posset.

211 1745 423 1803 Odium
485 1746 664 1816 igitur
726 1746 1071 1803 acerrimum
1133 1746 1316 1817 patris
1377 1746 1437 1802 in
1492 1744 1672 1803 filium
1718 1763 1789 1803 ex
1827 1746 1965 1818 hoc,
2036 1747 2260 1821 opinor,
2283 1755 2361 1812 52

54 1834 366 1893 ostenditur
385 1828 470 1912 2),
517 1833 724 1904 Eruci,
770 1833 919 1904 quod
965 1834 1116 1890 hunc
1159 1834 1280 1890 ruri
1327 1850 1457 1891 esse
1502 1833 1852 1906 patiebatur.
1930 1833 2080 1890 Num
2126 1835 2261 1906 quid

57 1925 135 1976 est
173 1922 374 1980 aliud?
467 1921 674 1979 ‘Immo
712 1916 882 1978 vero'
948 1921 1143 1992 inquit·
1184 1920 1331 1992 ‘est3
1389 1938 1523 1979 nam
1569 1923 1738 1978 istum
1787 1921 2149 1978 exheredare
2199 1923 2258 1978 in

59 2007 231 2065 animo
290 2005 586 2068 habebat’
674 2008 894 2066 Audio:
950 2024 1104 2065 nunc
1151 2008 1294 2066 dicis
1343 2009 1588 2082 aliquid,
1652 2009 1803 2081 quod
1848 2009 1921 2065 ad
1963 2025 2088 2066 rem
2128 2026 2260 2080 per-

60 2094 255 2169 tineat3
317 2114 456 2154 nam
510 2097 637 2169 illa,
691 2097 923 2170 opinor,
988 2102 1051 2153 tu
1096 2112 1321 2168 quoque
1385 2097 1653 2154 concedis
1711 2097 1862 2154 levia
1908 2113 2036 2153 esse
2083 2103 2256 2169 atque

60 2181 269 2255 inepta:
329 2185 636 2243 ‘Convivia
694 2202 821 2242 cum
879 2191 1049 2257 patre
1116 2201 1231 2241 non
1292 2181 1512 2243 inibat?
1603 2185 1854 2257 Quippe,
1923 2186 2019 2257 qui
2078 2203 2152 2243 ne
2198 2188 2260 2243 in

63 2272 312 2342 oppidum
353 2274 587 2345 quidem
631 2274 743 2329 nisi
788 2289 1032 2345 perraro
1073 2273 1316 2330 veniret.
1408 2271 1688 2330 ‘Domum
1734 2290 1893 2330 suam
1940 2274 2111 2330 istum
2143 2291 2259 2333 non

61 2355 168 2415 fere
209 2363 512 2433 quisquam
557 2356 833 2418 vocabat.'
921 2361 1045 2417 Nec
1092 2360 1323 2429 mirum,
1373 2362 1469 2431 qui
1512 2378 1701 2433 neque
1747 2361 1808 2417 in
1854 2362 1995 2419 urbe
2041 2364 2263 2421 viveret

61 2460 227 2516 neque
270 2455 649 2507 revocaturus
696 2453 868 2506 esset.
956 2448 1174 2505 Verum
1236 2448 1383 2506 haec
1423 2454 1486 2505 tu
1525 2465 1747 2520 quoque
1795 2450 2088 2521 intellegis
2133 2467 2260 2508 esse
2281 2452 2364 2516 19

60 2538 373 2605 nugatoria:
440 2536 612 2608 illud,
669 2536 823 2608 quod
883 2536 1206 2608 coepimuS,
1266 2535 1594 2609 videamuS,
1661 2554 1774 2608 quo
1833 2538 2048 2595 certius
2092 2555 2261 2611 argu-

60 2629 296 2681 mentum
362 2624 479 2682 odii
540 2624 790 2695 reperiri
868 2625 1024 2680 nullo
1092 2624 1261 2682 modo
1330 2628 1539 2695 potest.
1649 2624 2028 2683 Exheredare
2094 2632 2263 2698 pater
2284 2633 2364 2691 53

61 2704 217 2767 filium
271 2711 583 2784 cogitabat..
682 2712 855 2768 Mitto
917 2726 1227 2784 quaerere,
1288 2728 1403 2782 qua
1464 2712 1537 2769 de
1594 2728 1798 2786 causa,
1855 2730 2096 2787 quaem,
2166 2715 2264 2785 qui

62 2796 217 2873 scias3
266 2800 505 2857 tametsi
566 2804 628 2856 te
690 2799 886 2857 dicere
935 2804 1106 2870 atque
1150 2815 1494 2857 enumerare
1543 2815 1745 2857 causas
1792 2817 1989 2859 omnes
2035 2806 2263 2872 oporte-

63 2880 175 2957 bat,
240 2892 302 2944 et
356 2886 417 2944 id
474 2892 604 2944 erat
661 2888 803 2944 certi
831 2880 881 2966 3)
938 2887 1289 2944 accusatoris
1345 2885 1626 2960 officium,
1688 2889 1785 2959 qui
1830 2890 1978 2946 tanti
2023 2889 2263 2946 sceleris

64 2980 339 3047 argueret,
411 2975 706 3047 explicare
753 2975 944 3032 omnia
991 2974 1134 3031 vitia
1173 2991 1242 3031 ac
1286 2981 1533 3047 peccata
1577 2973 1707 3048 filii,
1754 2976 1958 3047 quibus
1992 2977 2262 3033 incensus

64 3073 248 3125 parens
295 3062 550 3134 potuerit
593 3064 845 3120 animum
890 3062 1194 3135 inducere,
1214 3119 1219 3126 ,
1241 3067 1307 3119 ut
1350 3069 1617 3120 naturam
1656 3064 1840 3135 ipsam
1878 3064 2157 3136 vinceret,
2200 3068 2264 3120 ut

64 3159 291 3207 amorem
358 3151 523 3207 illum
586 3151 817 3222 penitus
877 3150 1111 3207 insitum
1173 3150 1398 3208 eiceret
1455 3167 1526 3208 ex
1600 3152 1825 3226 anime,
1898 3157 1962 3209 ut
2011 3152 2261 3223 denique

63 3240 260 3301 patrem
328 3254 458 3295 esse
521 3254 649 3295 sese
714 3237 1193 3309 oblivisceretur;
1249 3254 1401 3309 quae
1425 3233 1479 3318 4)
1550 3239 1673 3297 sine
1733 3240 1956 3311 magnis
2024 3240 2262 3298 huiusce

64 3328 297 3390 peccatis
343 3325 614 3384 accidere
656 3326 912 3397 potuisse
958 3342 1074 3382 non
1119 3326 1388 3384 arbitror.
1463 3327 1679 3384 Verum
1726 3328 1978 3385 concedo
2019 3326 2155 3400 tibi,
2202 3333 2265 3385 ut
2286 3336 2367 3395 54

66 3422 125 3465 ea
176 3420 548 3487 praetereaS,
618 3431 766 3485 quae
830 3431 960 3470 cum
1020 3418 1216 3486 taceS,
1285 3416 1448 3471 nulla
1508 3431 1635 3472 esse
1686 3416 1983 3473 concedis:
2043 3415 2189 3473 illud
2211 3410 2264 3495 5)

65 3497 297 3576 quidem,
343 3501 599 3559 voluisse
641 3501 1004 3559 exheredare
1047 3506 1206 3558 certe
1258 3506 1321 3558 tu
1352 3502 1583 3573 planum
1617 3502 1810 3561 facere
1846 3504 2039 3562 debes.
2116 3504 2265 3575 Quid

217 3736 269 3800 1)
321 3750 436 3786 ‘rem
472 3731 752 3799 publicam-
804 3732 1097 3800 PluygerS‚
1151 3732 1481 3785 Fleckeisen.
1694 3734 1748 3799 2)
1802 3750 1915 3786 non
1964 3733 2265 3787 ostenditur

67 3795 278 3858 Richter.
422 3805 476 3871 3)
516 3807 652 3855 certe
687 3803 821 3857 coni.
859 3803 1137 3870 Pluygers,
1280 3804 1334 3871 4)
1374 3802 1519 3869 quod
1554 3806 1689 3858 coni.
1728 3805 1887 3857 idem.
2033 3806 2087 3871 5)
2125 3803 2266 3855 illud

69 3871 181 3926 coni.
213 3874 382 3928 idem:
433 3874 591 3925 illum
629 3872 780 3925 codd.
