2669 4354
741 210 822 248 1111
868 209 1122 250 mismo
1164 209 1257 250 cu.
1300 210 1542 251 Pomm.
2181 195 2261 253 65

74 379 209 449 Quod
252 381 400 438 enim
441 379 637 439 fanum
678 381 895 453 putatis
934 380 996 437 in
1041 381 1156 438 illis
1199 380 1375 438 terris
1405 381 1617 438 nostris
1646 381 2079 453 magistratibus
2124 385 2262 442 reli-

73 469 290 542 giosum,
336 485 504 540 quam
550 469 846 527 civitatem
891 474 1167 541 sanctam,
1215 485 1387 540 quam
1433 468 1662 526 domum
1708 471 1850 527 satis
1893 471 2147 529 clausam
2193 489 2261 530 ac

74 558 315 614 munitam
355 555 574 614 fuisse?
648 556 822 614 urbes
872 556 988 614 iam
1043 558 1362 628 locupletes
1425 562 1487 615 et
1547 557 1812 630 copiosae
1872 560 2263 633 requiruntur,

74 645 243 716 quibus
328 661 500 702 causa
581 645 722 702 belli
807 650 1043 718 propter
1119 644 1432 717 diripiendi
1514 645 1886 717 cupiditatem
1960 644 2261 706 inferatur.

73 732 317 791 Libenter
381 733 527 791 haec
587 749 781 790 coram
838 749 968 790 cum
1024 731 1088 802 Q.
1136 732 1342 791 Catulo
1398 737 1459 789 et
1522 732 1586 803 Q.
1633 733 1971 808 Hortensi0‚
2026 736 2261 793 summis
2284 740 2364 799 66

75 826 120 876 et
155 821 474 878 clarissimis
521 821 678 893 viriS,
728 821 1116 894 disputarem3
1163 825 1449 878 noverunt
1496 820 1650 878 enim
1680 822 1968 880 sociorum
1998 825 2260 898 vulnera,

73 909 237 966 vident
279 926 481 967 eorum
546 909 939 982 calamitateS,
998 909 1388 981 querimonias
1435 907 1698 965 audiunt.
1787 910 1901 967 Pro
1946 912 2117 969 sociis
2161 927 2263 969 vos

74 1003 238 1054 contra
279 997 476 1055 hostes
525 997 843 1055 exercitum
888 997 1118 1054 mittere
1165 997 1410 1069 putati-5,
1479 1012 1555 1053 an
1599 996 1851 1054 hostium
1896 999 2261 1057 simulatione

73 1090 240 1143 eontra
283 1087 469 1144 socios
515 1091 689 1158 atque
739 1085 952 1142 amicos
970 1089 999 1142 ‘?
1043 1100 1193 1156 quae
1242 1085 1446 1142 civitas
1494 1089 1582 1141 est
1627 1085 1686 1140 in
1734 1084 1905 1159 Asia,
1951 1103 2102 1158 quae
2149 1103 2262 1145 non

70 1173 204 1230 modo
258 1174 628 1247 imperatoris
686 1179 791 1230 aut
835 1173 1044 1246 legati,
1111 1172 1214 1229 sed
1258 1172 1435 1229 unius
1486 1171 1706 1229 tribuni
1751 1174 1997 1231 militum
2042 1176 2263 1232 animos

71 1276 121 1317 ac
180 1262 413 1334 spiritus
473 1277 685 1334 capere
735 1261 958 1332 possit?
1055 1260 1249 1331 Quare
1312 1261 1488 1318 etiam
1535 1261 1585 1317 si
1629 1276 1803 1332 quem
1847 1261 2107 1337 habetiS,
2164 1264 2263 1335 qui
2283 1264 2372 1332 23

72 1350 274 1406 conlatis
329 1350 510 1422 signis
575 1349 864 1407 exercitus
919 1349 1112 1420 regios
1173 1364 1455 1421 superare
1500 1364 1669 1421 posse
1716 1349 2002 1420 videatur,
2049 1355 2262 1424 tamen,

71 1437 154 1493 nisi
207 1439 319 1495 erit
378 1437 568 1509 idem,
622 1437 721 1508 qui
773 1453 836 1494 se
862 1431 913 1515 ¹)
975 1452 1011 1493 a
1062 1437 1328 1508 pecuniis
1384 1437 1699 1508 sociorum,
1771 1438 1872 1508 qui
1928 1439 2002 1495 ab
2062 1455 2261 1496 eorum

70 1526 378 1598 coniugibus
427 1540 496 1581 ac
541 1525 775 1596 liberiS,
838 1525 937 1595 qui
983 1523 1055 1580 ab
1101 1524 1455 1581 ornamentis
1500 1523 1764 1581 fanorum
1804 1529 1979 1597 atque
2026 1527 2264 1599 oppido-

68 1628 191 1685 rum,
239 1615 340 1685 qui
394 1613 467 1669 ab
529 1628 673 1670 auro
721 1628 975 1685 gazaque
1021 1613 1186 1683 regia
1230 1627 1468 1685 manus,
1526 1612 1725 1669 oculos
1745 1656 1760 1684 ,
1807 1614 2061 1670 animum
2108 1614 2263 1671 cohi-

68 1699 180 1757 bere
222 1703 433 1775 possit,
490 1718 608 1758 non
655 1701 772 1758 erit
828 1700 1073 1757 idoneus
1118 1700 1219 1771 qui
1265 1699 1339 1756 ad
1380 1700 1598 1756 bellum
1643 1700 1964 1757 Asiaticum
2010 1703 2266 1774 regium-

68 1804 156 1857 que
203 1791 486 1847 mittatur.
590 1788 850 1859 Ecquam
905 1788 1124 1859 putatis
1183 1787 1474 1845 civitatem
1535 1792 1800 1860 pacatam
1857 1786 2068 1861 fuisse,
2114 1805 2263 1860 quae
2286 1799 2364 1855 67

70 1874 292 1950 locuples
356 1877 473 1934 sit?
545 1891 785 1948 ecquam
846 1892 974 1933 esse
1035 1876 1413 1948 locupletem,
1479 1892 1630 1946 quae
1685 1875 1810 1933 istis
1864 1881 2075 1949 pacata
2138 1893 2264 1935 esse

73 1963 345 2024 videatur?
437 1964 555 2022 Ora
613 1964 934 2037 maritima,
990 1963 1278 2036 QuiriteS,
1352 1962 1453 2019 Cn.
1509 1962 1850 2036 Pompeium
1904 1980 2019 2021 non
2083 1966 2265 2022 solum

74 2059 272 2125 propter
317 2054 406 2110 rei
452 2053 720 2109 militaris
761 2052 1003 2122 gloriam
1021 2096 1036 2124 ,
1097 2049 1202 2108 sed
1248 2051 1425 2108 etiam
1471 2057 1708 2124 propter
1749 2052 1927 2108 animi
1972 2053 2269 2110 continen-

76 2140 185 2198 tiam
228 2141 556 2214 requisivit.
661 2139 911 2198 Videbat
965 2140 1119 2197 enim
1191 2143 1491 2212 praetores
1553 2139 1899 2212 locupletari
1961 2141 2266 2212 quotannis

76 2232 287 2298 pecunia
332 2230 573 2302 publica
611 2233 851 2301 praeter
893 2244 1133 2301 paucOS,
1179 2244 1371 2299 neque
1419 2244 1518 2284 eos
1540 2221 1591 2306 ²)
1637 2229 1946 2300 quicquam
1977 2229 2138 2286 aliud
2168 2230 2268 2287 ad-

75 2320 207 2388 sequi
271 2318 542 2375 classium
600 2316 864 2389 nomine,
921 2316 1031 2373 nisi
1085 2321 1154 2372 ut
1212 2315 1576 2373 detrimentis
1637 2316 1991 2388 accipiendis
2049 2318 2266 2374 maiore

76 2403 211 2462 adfici
269 2405 632 2478 turpitudine
690 2403 1036 2461 videremur.
1142 2403 1311 2460 Nunc
1369 2419 1483 2475 qua
1538 2402 1855 2476 cupiditate
1901 2406 2162 2462 homines
2209 2406 2269 2462 in

74 2494 361 2561 provincias
376 2539 391 2568 ,
452 2493 662 2564 quibus
679 2486 733 2572 ³)
793 2492 1033 2549 iacturis
1108 2497 1170 2549 et
1240 2491 1450 2562 quibus
1468 2483 1521 2570 ⁴)
1601 2491 2032 2549 condicionibus
2098 2491 2271 2566 profi-

75 2580 363 2654 ciscantur,
418 2581 692 2653 ignorant
739 2579 1014 2637 videlicet
1057 2579 1179 2652 isti,
1224 2580 1323 2651 qui
1370 2577 1445 2635 ad
1489 2596 1668 2635 unum
1715 2578 2034 2637 deferenda
2078 2580 2271 2637 omnia

74 2683 176 2726 esse
234 2686 346 2726 non
410 2669 796 2726 arbitrantur:
858 2668 1022 2739 quasi
1074 2683 1212 2724 vero
1271 2665 1375 2724 Cn.
1422 2666 1759 2739 Pompeium
1813 2684 1929 2724 non
1974 2684 2103 2724 cum
2150 2669 2269 2724 suis

75 2756 354 2814 virtutibus
399 2762 526 2814 tum
571 2756 749 2813 etiam
796 2756 1002 2812 alienis
1032 2755 1186 2812 vitiis
1218 2771 1488 2827 magnum
1522 2770 1648 2812 esse
1691 2755 2002 2812 videamus,
2074 2755 2267 2824 Quare
2292 2761 2371 2818 68

73 2845 227 2902 nolite
290 2844 563 2902 dubitare
632 2845 774 2915 quin
834 2842 970 2900 huic
1030 2844 1133 2899 uni
1194 2842 1446 2900 credatis
1500 2843 1724 2914 omnia,
1793 2844 1892 2913 qui
1962 2843 2119 2900 inter
2185 2847 2270 2898 tot

75 2946 228 2989 annos
265 2950 417 2990 unus
463 2934 732 2989 inventus
775 2931 880 3004 sit,
934 2946 1105 3002 quem
1149 2931 1289 2987 socii
1333 2930 1392 2987 in
1432 2929 1609 2987 urbes
1655 2946 1790 2987 suas
1830 2946 1961 2986 cum
2008 2930 2271 2987 exercitu

74 3020 271 3078 venisse
316 3021 627 3094 gaudeant.

224 3108 440 3178 Quodsi
500 3107 948 3166 auctoritatibus
989 3107 1144 3163 hanc
1191 3121 1453 3175 causam,
1501 3104 1786 3177 Quirites,
1827 3102 2269 3162 confirmandam

72 3197 297 3271 putatis,
363 3202 451 3255 est
512 3196 675 3253 vobis
735 3200 939 3252 auctor
994 3194 1084 3251 vir
1142 3194 1428 3251 bellorum
1473 3193 1728 3250 omnium
1774 3194 2270 3265 maximarumque

72 3298 244 3341 rerum
300 3285 721 3359 peritissimus,
780 3282 843 3339 P.
891 3282 1204 3353 ServiliuS,
1261 3282 1427 3338 cuius
1479 3285 1678 3337 tantae
1733 3296 1829 3339 res
1866 3287 2068 3352 gestae
2114 3287 2273 3339 terra

71 3373 308 3444 marique
351 3373 733 3443 exstiterunt,
791 3376 891 3443 ut,
952 3387 1082 3427 cum
1128 3368 1199 3426 de
1246 3368 1403 3426 bello
1446 3368 1805 3439 deliberetiS,
1862 3374 2067 3426 auctor
2110 3369 2272 3427 vobis

72 3461 276 3527 gravior
324 3477 494 3518 nemo
551 3474 680 3517 esse
737 3457 979 3531 debeat,
1042 3461 1131 3515 est
1188 3456 1248 3516 C.
1297 3455 1501 3529 Curi0,
1562 3457 1797 3513 summis
1843 3458 2051 3514 vestris
2095 3458 2275 3515 bene-

71 3542 197 3603 ficiis
260 3549 638 3619 maximisque
705 3547 883 3604 rebus
946 3546 1155 3619 gestiS,
1234 3561 1456 3601 summo
1539 3544 1771 3615 ingenio
1842 3550 1902 3601 et
1963 3545 2276 3616 prudentia

227 3716 277 3782 1)
317 3731 372 3767 se
408 3713 635 3767 inclusit
671 3712 939 3778 Benecke,
978 3711 1180 3764 delevit
1212 3711 1447 3778 Madvig.
1591 3711 1644 3778 2)
1681 3726 1784 3763 ‘nos
1814 3709 2127 3773 LambinuS‚
2165 3710 2275 3764 for-

72 3783 199 3838 tasse
239 3788 395 3842 tecte.
612 3784 666 3850 3)
716 3787 768 3834 et
823 3782 1017 3849 quibus
1070 3799 1096 3835 e
1144 3782 1257 3835 cod.
1309 3781 1697 3850 Tegernseensi
1749 3780 1935 3841 Halm,
1984 3780 2275 3833 Eberhard.

77 3851 120 3917 4)
154 3861 200 3908 et
235 3856 430 3922 quibus
468 3854 622 3908 codd.
658 3855 820 3921 opt-t.,
872 3852 1068 3920 quibus
1103 3853 1281 3916 Halm,
1319 3852 1610 3906 Eberhard.

155 3957 240 4002 cic.
276 3959 414 4002 omtt.
448 3958 558 4001 Son.
1805 3945 1841 4002 5
