2669 4354
851 1011 1465 1086 ORATIO

332 1166 455 1248 IN
535 1165 609 1248 L.
695 1132 1228 1249 sE'RGIVM
1305 1165 1983 1249 CATILINAM

963 1306 1378 1388 PRIMA,

546 1444 1039 1526 HABITA·
1080 1444 1202 1527 IN
1281 1442 1778 1528 SENATV.

95 1734 214 1851 Quo
265 1812 446 1866 usque
510 1793 747 1852 tandem
806 1795 1075 1868 abutere,
1136 1793 1410 1868 Catilina,
1475 1795 1761 1867 patientia
1801 1798 2036 1853 nostra?
2097 1794 2326 1868 quaml

95 1881 169 1939 diu
215 1883 379 1941 etiam
440 1883 608 1940 furor
663 1883 774 1941 iste
829 1888 962 1940 tuus
1019 1882 1217 1941 eludet
1240 1877 1331 1965 1)‘?
1384 1899 1554 1954 quem
1594 1882 1669 1940 ad
1709 1880 1885 1941 finem
1926 1900 2056 1941 sese
2102 1883 2324 1946 effre-1

95 1977 203 2027 nata
246 1972 489 2031 iactabit
539 1971 826 2028 audacia?
940 1972 1175 2030 Nihilne
1238 1976 1298 2031 te
1356 1977 1697 2029 nocturnum
1750 1971 2103 2045 praesidium
2159 1972 2269 2030 Pa-

96 2057 213 2133 latii,
274 2061 417 2119 nihil
479 2058 642 2117 urbis
697 2061 958 2134 vigiliae,
1023 2060 1169 2117 nihil
1237 2061 1407 2118 timor
1470 2061 1695 2135 populi,
1761 2061 1904 2118 nihil
1963 2078 2268 2119 concursus

98 2145 328 2207 bonorum
388 2149 679 2223 omnium,
740 2149 882 2207 nihil
926 2149 1022 2207 hic
1058 2149 1472 2207 munitissimus
1512 2148 1765 2209 habendi
1812 2155 2046 2209 senatus
2092 2151 2269 2225 locuS,
2311 2174 2324 2188 κ

98 2235 203 2293 nihil
251 2238 455 2297 horum
509 2255 613 2295 ora
670 2238 971 2311 vultusque
1028 2240 1367 2296 moverunt?
1456 2238 1670 2297 Patere
1727 2244 1828 2297 tua
1874 2240 2114 2298 consilia
2155 2256 2271 2297 non

104 2326 274 2383 sentis?
327 2327 702 2386 constrictam
764 2328 879 2385 iam
900 2321 953 2406 ²)
1008 2327 1259 2385 omnium
1299 2328 1505 2385 horum
1548 2327 1797 2385 scientia
1840 2329 2030 2386 teneri
2076 2328 2272 2386 coniu-

100 2413 335 2473 rationem
390 2422 556 2473 tuam
617 2431 733 2473 non
786 2415 988 2473 vides?
1043 2413 1180 2487 quid
1223 2416 1514 2489 proxima,
1576 2415 1714 2487 quid
1758 2418 2054 2489 superiore
2100 2422 2270 2475 nocte

99 2505 276 2578 egeriS,
321 2504 423 2562 ubi
471 2502 683 2577 fueriS,
729 2519 867 2576 quos
899 2504 1333 2578 convocaveriS,
1377 2503 1513 2578 quid
1544 2505 1768 2562 consilii
1801 2507 2054 2580 ceperis,
2100 2522 2271 2578 quem

96 2596 312 2649 nostrum
374 2594 653 2666 ignorare
716 2592 1056 2650 arbitraris?
1155 2592 1202 2650 O
1259 2597 1548 2667 tempora,
1609 2610 1642 2650 o
1703 2595 1923 2653 mores!
2025 2596 2273 2655 Senatus
2295 2600 2330 2655 2
2396 2641 2400 2646 .

95 2676 210 2736 haec
248 2681 570 2754 intellegit,
618 2682 814 2738 consul
858 2680 1042 2738 videt:
1088 2680 1202 2753 ¹hic
1244 2687 1441 2738 tamen
1466 2682 1621 2739 vivit.
1695 2681 1892 2739 Vivit?
1931 2682 2104 2741 immo
2134 2700 2272 2742 vero

97 2767 239 2825 etiam
292 2771 354 2826 in
413 2774 685 2828 senatum
726 2770 917 2843 venit,
979 2765 1044 2826 fit
1099 2770 1317 2842 publici
1364 2770 1586 2827 consilii
1631 2771 1950 2844 particeps,
2011 2777 2173 2830 notat
2215 2776 2277 2829 et

96 2852 324 2931 designat
368 2859 554 2916 oculis
601 2857 676 2915 ad
721 2856 960 2915 caedem
1004 2875 1178 2914 unum
1224 2874 1509 2931 quemque
1554 2862 1824 2918 nostrum.
1899 2859 2019 2917 Nos
2065 2865 2275 2934 autem,

96 2942 179 3000 viri
230 2944 438 3022 fortes,
499 2945 639 3004 satis
693 2942 891 3005 facere
936 2945 1025 3003 rei
1068 2947 1333 3019 publicae
1379 2946 1666 3020 videmur,
1722 2947 1772 3004 si
1815 2946 1979 3005 istius
2025 2946 2279 3006 furorem

96 3045 146 3088 ac
195 3035 310 3093 tela
353 3036 620 3093 vitemus,
711 3035 804 3092 Ad
859 3039 1102 3093 mortem
1160 3039 1250 3109 te,
1313 3034 1590 3109 Catilina,
1652 3034 1784 3092 duci
1829 3037 1985 3093 iussu
2029 3036 2278 3095 consulis

96 3118 181 3177 iam
221 3124 449 3196 pridem
496 3123 834 3197 oportebat,
876 3124 939 3181 in
984 3129 1042 3181 te
1091 3122 1342 3182 conferri
1384 3129 1611 3197 pestem
1653 3124 1851 3197 istam,
1896 3141 2067 3196 quam
2110 3130 2174 3182 tu
2219 3127 2280 3183 in

96 3223 173 3266 nos
207 3205 348 3287 [iam
391 3208 524 3288 diu]
545 3205 598 3290 3)
643 3212 1005 3269 machinaris,
1094 3213 1188 3269 An
1224 3228 1362 3270 vero
1400 3213 1490 3270 vir
1520 3212 1927 3285 amplissimuS,
1972 3213 2035 3270 P.
2068 3213 2282 3289 Scipio,
2303 3222 2340 3277 3

94 3299 320 3366 pontifex
372 3300 685 3373 maximuS,
744 3299 829 3358 Ti.
876 3300 1196 3359 Gracchum
1254 3300 1627 3359 mediocriter
1670 3299 2123 3362 labefactantem
2166 3308 2282 3360 sta-

95 3389 191 3443 tum
244 3390 333 3447 rei
388 3388 661 3462 publicae
717 3389 974 3462 privatus
1017 3386 1339 3447 interfecit:
1404 3388 1709 3447 Catilinam
1730 3385 1784 3469 4)
1843 3388 2041 3449 orbem
2088 3397 2282 3451 terrae

244 3607 296 3675 1)
335 3606 511 3661 eludet
545 3604 721 3661 Julius
759 3606 946 3661 Victor
982 3626 1033 3676 p.
1075 3607 1177 3662 258
1212 3608 1293 3661 ed.
1330 3607 1473 3662 Bait.
1512 3612 1567 3663 et
1604 3610 1848 3663 Donatus
1888 3610 1956 3663 ad
1993 3610 2109 3664 Ter.
2147 3611 2285 3667 Eun.

93 3668 125 3739 I,
158 3675 200 3743 1,
238 3679 328 3732 10:
372 3694 473 3731 ‘nos
519 3677 692 3730 eludet
731 3678 882 3731 codd.
919 3680 1170 3748 plerique.
1395 3680 1448 3747 2)
1487 3679 1601 3732 iam
1639 3697 1740 3734 om.
1779 3685 1888 3734 tres
1929 3680 2113 3749 codd,
2152 3699 2283 3751 quos

94 3750 281 3800 secutus
318 3752 401 3802 est
436 3747 620 3802 Halm.
834 3750 888 3817 3)
926 3749 1041 3801 iam
1077 3749 1176 3802 diu
1213 3766 1312 3804 om.
1353 3751 1454 3803 duo
1492 3751 1664 3818 codd„
1702 3753 1757 3804 in
1798 3753 1917 3805 aliis
1946 3756 2030 3805 est
2064 3751 2185 3818 diu,
2229 3754 2285 3805 in
2331 3819 2332 3822 Ἴ

94 3814 197 3870 aliis
225 3818 340 3871 iam
377 3819 610 3888 dudum,
648 3820 870 3873 inclusit
905 3820 1092 3884 Halm,
1129 3836 1230 3874 om.
1268 3821 1553 3876 Eberhard.
1782 3824 1839 3889 4)
1878 3838 2002 3875 vero
2040 3822 2288 3876 inserunt

94 3886 223 3940 codd.
259 3889 368 3944 fere
403 3907 614 3955 omnes»,
655 3889 745 3944 sed
784 3891 936 3944 deest
971 3907 1056 3959 ap.
1096 3891 1321 3956 Quintil.
1360 3892 1512 3958 VIII,
1548 3894 1597 3953 4,
1638 3894 1703 3947 13
1741 3897 1797 3946 ct
1821 3895 1877 3946 in
1914 3894 2097 3963 paucis
2134 3891 2285 3945 codd.

1729 3982 1854 4046 5÷÷÷÷
