2669 4354
931 271 1042 310 PRO
1088 271 1357 309 MVRENA.
2130 258 2159 312 1
2172 258 2208 313 3
2220 258 2246 310 1

78 444 165 499 suis
208 448 264 500 et
321 443 515 515 populi
553 443 797 501 Romani
844 445 1196 501 ornamentis
1246 443 1580 517 amplissimi
1630 461 1859 502 causam
1903 446 2053 502 tanti
2099 446 2253 518 peri-

77 533 162 588 culi
212 532 617 604 repudiassem.
717 533 919 604 Neque
970 534 1124 590 enim
1164 533 1279 590 iam
1334 533 1475 589 mihi
1520 533 1660 589 licet
1721 550 1909 604 neque
1958 539 2047 591 est
2102 536 2252 591 inte-

76 638 235 694 grum,
315 625 379 677 ut
431 637 622 678 meum
689 620 947 677 laborem
1015 621 1307 678 hominum
1373 620 1648 693 periculis
1707 622 2070 680 sublevandis
2139 639 2250 680 non

75 710 392 781 impertiam:
450 724 582 765 nam
629 723 758 764 cum
814 710 1072 781 praemia
1118 709 1254 765 mihi
1304 713 1469 765 tanta
1513 726 1618 781 pro
1662 709 1771 767 hac
1817 710 2099 768 industria
2139 712 2254 768 sint

76 797 206 869 data,
271 801 492 868 quanta
551 800 727 853 antea
786 797 1033 869 nemini,
1115 796 1319 868 quibus
1375 796 1672 854 laboribus
1727 799 1873 855 haec
1931 800 2157 871 ceperis
2183 795 2254 879 1),

78 901 178 957 005,
235 902 361 942 011111
416 884 657 955 adeptus
702 885 808 958 sis,
867 884 1192 956 deponere,
1256 890 1410 943 esset
1455 885 1700 942 hominis
1744 890 1802 943 et
1844 888 2018 945 astuti
2065 892 2125 944 et
2168 888 2254 944 in-

76 973 209 1043 grati.
327 972 543 1044 Quodsi
592 970 731 1030 licet
777 972 1074 1045 desinere,
1151 974 1200 1030 si
1258 977 1316 1029 te
1366 978 1604 1029 auctore
1664 989 1926 1047 possum,
2002 976 2049 1032 si
2096 973 2311 1033 nulla9

76 1061 316 1121 inertiae.
357 1061 518 1118 nulla
564 1061 870 1131 superbiae
893 1054 976 1137 ²),
1023 1061 1183 1118 nulla
1227 1061 1663 1118 inhumanitatis
1711 1062 1882 1133 culpa
1928 1063 2254 1136 suscipitur,

78 1165 159 1219 ego
193 1165 325 1206 vero
358 1148 613 1206 libenter
652 1149 879 1221 desine,
927 1149 1016 1205 sin
1063 1153 1255 1205 autem
1299 1147 1437 1220 fuga
1483 1149 1695 1206 laboris
1727 1148 2036 1224 desidiam,
2083 1168 2257 1226 repu-

75 1235 221 1294 diatio
286 1236 608 1310 supplicum
682 1238 1036 1311 superbiam,
1114 1237 1426 1293 amicorum
1480 1237 1768 1308 neglectio
1830 1238 2257 1311 improbitatem

77 1326 331 1398 coarguit,
402 1325 672 1382 nimirum
717 1326 862 1383 haec
908 1340 1083 1381 causa
1138 1329 1225 1381 est
1271 1324 1395 1381 eius
1452 1325 1629 1396 modi,
1698 1342 1867 1397 quam
1925 1344 2034 1384 nec
2092 1327 2255 1384 indu-

72 1414 215 1468 strius
264 1413 568 1485 quisquam
593 1408 645 1492 3)
710 1430 819 1470 nec
862 1412 1189 1470 misericors
1235 1428 1344 1467 nec
1389 1410 1673 1469 officiosus
1728 1412 2000 1473 deserere
2060 1417 2255 1487 possit.

71 1498 231 1571 Atque
276 1501 518 1558 huiusce
565 1502 654 1557 rei
701 1502 1090 1558 coniecturam
1138 1499 1209 1556 de
1255 1504 1354 1556 tuo
1390 1500 1568 1571 ipsius
1598 1500 1812 1573 studiO,
1859 1500 2049 1575 Servi,
2097 1502 2256 1561 facil-

70 1586 181 1645 lime
224 1590 482 1661 ceperis:
545 1606 675 1645 nam
735 1590 783 1646 si
830 1588 935 1645 tibi
992 1604 1233 1663 necesse
1279 1592 1450 1659 putas
1502 1588 1677 1644 etiam
1724 1588 2069 1648 adversariis
2115 1591 2255 1647 ami-

69 1692 239 1733 corum
295 1682 527 1734 tuorum
588 1677 658 1735 de
719 1677 845 1733 iure
905 1676 1332 1733 consulentibus
1392 1675 1771 1748 respondere,
1852 1682 1910 1733 et
1974 1679 2021 1735 si
2086 1684 2254 1750 turpe

8 1754 9 1767 ³
70 1765 335 1822 existimas
374 1771 433 1822 te
482 1764 759 1823 advocato
803 1765 963 1821 illum
1025 1766 1240 1835 ipsum,
1302 1779 1474 1834 quem
1521 1769 1721 1820 contra
1764 1766 2021 1837 veneris,
2081 1782 2254 1823 causa

8 1884 9 1899 2
69 1851 280 1925 cadere,
335 1853 453 1910 noli
497 1858 616 1909 tam
672 1869 798 1911 esse
848 1852 1122 1923 iniustuS,
1178 1856 1272 1924 ut,
1336 1866 1463 1907 cum
1509 1852 1594 1907 tui
1640 1849 1830 1909 fontes
1870 1854 1962 1909 vel
2007 1854 2253 1912 inimicis

66 1941 163 1997 tuis
202 1945 475 2014 pateant,
531 1947 760 1997 nostros
807 1941 981 1997 etiam
1036 1939 1235 1996 amicis
1293 1943 1463 2011 putes
1513 1940 1735 1996 clausos
1789 1955 1917 1997 esse
1964 1946 2252 2013 oportere.

8 2040 9 2097 ξ
67 2027 274 2085 Etenim
333 2029 379 2086 si
438 2045 530 2087 me
590 2034 691 2086 tua
751 2027 1114 2085 familiaritas
1168 2026 1240 2083 ab
1302 2027 1411 2083 hac
1463 2043 1635 2085 causa
1689 2028 2025 2086 removisset
2087 2034 2145 2085 et
2207 2030 2252 2087 si
2280 2025 2358 2080 lO

66 2115 158 2171 hoc
206 2116 359 2173 idem
418 2116 482 2187 Q.
539 2115 871 2188 Hortensio,
933 2115 1013 2173 M.
1077 2113 1314 2188 Crasso,
1379 2115 1709 2172 clarissimis
1764 2116 1927 2190 vir-ie,
1993 2116 2038 2173 si
2100 2116 2255 2175 idem

69 2205 283 2278 ceteriS,
331 2222 366 2263 a
412 2205 618 2277 quibus
664 2205 944 2277 intellego
995 2208 1153 2261 tuam
1199 2204 1444 2274 gratiam
1491 2204 1683 2277 magni
1729 2205 2048 2275 aestimari,
2104 2207 2254 2263 acci-

68 2291 252 2364 disset,
315 2294 375 2350 in
424 2309 495 2350 ea
555 2294 788 2350 civitate
853 2292 1047 2349 consul
1104 2291 1438 2362 designatus
1485 2289 1848 2350 defensorem
1908 2309 2020 2350 non
2077 2294 2256 2350 habe-

69 2387 169 2453 ret,
238 2382 294 2436 in
352 2397 466 2452 qua
531 2382 747 2438 nemini
811 2396 1078 2452 umquam
1145 2377 1338 2436 infimo
1403 2379 1648 2437 maiores
1711 2381 1892 2437 nostri
1952 2387 2255 2454 patronum

68 2466 249 2526 deesse
292 2470 609 2526 voluerunt.
700 2468 828 2540 Ego
859 2485 1025 2540 vero,
1069 2467 1316 2540 iudiceS,
1365 2468 1489 2538 ipse
1536 2483 1626 2525 me
1662 2467 2048 2527 existimarem
2095 2468 2255 2528 nefa-

68 2557 227 2627 rium,
278 2557 324 2614 si
374 2558 584 2629 amice,
631 2557 950 2629 crudelem,
1012 2555 1060 2612 si
1108 2556 1347 2626 misem,
1408 2553 1748 2627 superbum,
1799 2557 1847 2612 si
1895 2557 2111 2614 consuli
2157 2557 2256 2614 de-

65 2641 293 2702 fuissem.
386 2645 579 2715 Quare
641 2643 792 2715 quod
857 2641 1105 2701 dandum
1168 2648 1257 2699 est
1318 2642 1641 2714 amicitiae,
1710 2643 1869 2715 large
1935 2643 2164 2702 dabitur
2221 2661 2256 2701 a

66 2747 163 2804 me,
224 2739 284 2790 ut
328 2738 519 2791 tecum
564 2748 764 2806 agam,
822 2731 1014 2803 Servi,
1068 2747 1183 2788 11011
1230 2747 1395 2788 secus
1443 2747 1511 2787 ac
1557 2732 1604 2787 si
1661 2746 1821 2787 meus
1868 2736 2022 2789 esset
2043 2726 2094 2813 4)
2140 2731 2257 2789 fra-

64 2823 159 2893 ter,
205 2822 304 2891 qui
351 2821 491 2877 mihi
538 2825 628 2878 est
674 2820 1033 2892 carissimuS,
1089 2820 1198 2875 isto
1247 2819 1305 2874 in
1351 2819 1503 2875 loco:
1559 2817 1708 2889 quod
1755 2818 2119 2877 tribuendum
2167 2825 2255 2878 est

65 2905 262 2981 officie,
340 2907 503 2981 fidei,
579 2908 882 2981 religioni,
960 2907 1018 2964 id
1064 2907 1146 2964 ita
1197 2905 1567 2978 moderabor,
1644 2910 1709 2962 ut
1756 2908 2115 2965 meminerim
2160 2924 2252 2965 me

66 3003 243 3054 contra
285 2997 457 3053 amici
500 2995 750 3054 studium
795 3012 899 3068 pro
944 2995 1114 3051 amici
1157 2994 1417 3066 periculo
1463 2993 1675 3051 dicere.

210 3085 532 3157 Intellego,
589 3084 837 3153 iudices,
900 3083 1005 3140 tris
1049 3084 1223 3139 totius
1277 3082 1662 3140 accusationis
1717 3087 1912 3152 partes
1966 3080 2141 3138 fuisse
2192 3069 2313 3139 et5

67 3184 238 3229 earum
307 3189 480 3229 unam
549 3173 609 3229 in
676 3171 1129 3249 reprehensione
1187 3171 1373 3242 vitae,
1451 3172 1690 3228 alteram
1758 3170 1817 3226 in
1882 3171 2251 3228 contentione
2278 3165 2354 3220 11

182 3445 232 3511 1)
273 3444 411 3497 Loco
447 3457 594 3496 corru
631 3444 685 3494 to
721 3441 992 3494 Halmium
1037 3440 1206 3492 secuti
1250 3438 1308 3491 in
1347 3441 1553 3492 textum
1588 3438 1913 3506 recepimus,
1965 3438 2107 3508 quod
2146 3457 2261 3493 sen-

66 3511 239 3567 tentiae
278 3515 539 3568 convenit.
640 3531 674 3565 n
710 3511 860 3565 codd.
901 3513 985 3564 est
1024 3509 1101 3561 sic
1138 3513 1185 3560 et
1223 3509 1273 3561 si
1299 3508 1522 3576 ceperiS,
1562 3508 1644 3561 vel
1672 3509 1752 3561 sic
1775 3509 2056 3575 (receperis,
2132 3511 2261 3563 Vul-

67 3585 172 3642 gata
219 3585 374 3638 lectio
423 3587 507 3637 est
555 3583 766 3635 labores
802 3597 907 3649 per
956 3595 1089 3647 quos
1145 3595 1209 3630 ea
1257 3580 1484 3646 cepeto-ie,
1543 3595 1677 3632 cum.
1761 3579 1948 3632 Velkel
1999 3597 2118 3634 ann.
2170 3582 2260 3650 ph.

70 3651 165 3718 113,
203 3656 307 3710 506
345 3655 479 3709 coni.
523 3653 731 3706 labores
751 3693 766 3718 ‚
805 3651 996 3719 quibus
1034 3667 1098 3701 ea
1135 3649 1431 3716 caepctieris.
1614 3649 1668 3715 2)
1708 3649 1876 3703 Codd.
1918 3654 2042 3721 post
2077 3667 2260 3718 supcr-

68 3717 165 3774 biae
199 3725 405 3779 addunt
442 3723 750 3790 turpitude,
802 3722 941 3792 quod
980 3721 1177 3774 delevit
1212 3721 1374 3772 Bake.
1449 3719 1610 3786 Vulg.
1651 3720 1809 3772 nulla
1844 3720 2076 3774 inertiae
2112 3728 2262 3786 nota,

68 3794 201 3845 nulla
235 3795 524 3865 superbiae
560 3793 854 3861 turpitudo,
1039 3792 1092 3858 3)
1134 3791 1220 3842 Sic
1258 3790 1576 3850 Gulielmu8‚
1628 3789 1778 3843 codd.
1817 3806 2013 3856 φασι-ηπ
2063 3793 2265 3859 Kayser

70 3857 216 3917 homo.
366 3866 423 3933 4)
458 3864 626 3919 Codd.
665 3866 868 3934 aliquot
903 3879 1066 3923 essee,
1109 3861 1250 3928 quod
1286 3862 1488 3930 recepit
1524 3860 1733 3930 Zumpt.

142 3949 226 3993 cuc.
256 3953 395 3996 oratt.
429 3952 536 3996 sen
1804 3938 1838 3994 9
