2669 4354
404 231 488 289 50
1409 243 1629 285 ORATIO

404 425 539 478 cent
584 425 762 491 atque
804 418 1073 492 exigunt,
1120 434 1251 475 cum
1297 416 1413 475 duo
1434 434 1629 491 ·reges
1676 433 1806 474 cum
1850 416 2112 475 maximis
2163 418 2342 490 copiis
2385 422 2625 490 propter

402 508 638 565 adsint?
683 524 812 564 cum
858 523 974 564 una
1011 506 1276 563 excursio
1322 506 1613 577 equitatus
1654 504 1925 577 perbrevi
1971 509 2237 578 tempore
2273 506 2454 563 totius
2486 506 2624 563 anni

401 596 649 666 vectigal
695 593 928 652 auferre
973 595 1195 666 possit?
1256 610 1387 651 cum
1431 593 1726 665 publicani
1757 593 2005 651 familias
2039 593 2349 667 maximas,
2386 609 2532 665 quas
2564 593 2622 649 in

401 683 642 741 saltibus
670 680 722 761 1)
768 681 1019 755 habent,
1065 697 1209 753 quas
1245 681 1308 738 in
1360 681 1545 754 agris,
1592 698 1733 753 quas
1782 681 1843 738 in
1888 681 2168 754 portubus
2213 687 2386 754 atque
2435 687 2623 740 custo-

401 771 542 845 diis,
591 787 798 844 magno
842 770 1102 842 periculo
1153 784 1215 826 se
1258 768 1477 827 habere
1525 768 1924 827 arbitrentur?
2012 769 2313 827 Putatisne
2359 785 2460 826 vos
2506 770 2622 826 illis

399 859 575 918 rebus
620 858 735 916 frui
778 874 982 931 posse,
1042 857 1155 914 nisi
1201 873 1327 930 eos„
1389 859 1488 928 qui
1531 857 1691 914 vobis
1736 855 1950 915 fructui
1992 854 2174 929 sunt,
2216 858 2623 916 conservaritis

400 964 516 1005 non
557 947 772 1019 solum,
836 952 900 1003 ut
943 950 1077 1003 ante
1125 944 1270 1015 dixi,
1333 945 1694 1017 calamitate,
1741 944 1846 1003 sed
1888 945 2065 1003 etiam
2111 945 2459 1003 calamitatis
2506 944 2620 1003 for-

400 1035 613 1093 midine
659 1032 982 1091 liberatos‘?
1397 1049 1402 1054 ·

344 1128 382 1193 '7
575 1123 662 1179 Ac
706 1138 780 1178 ne
819 1120 961 1179 illud
1006 1119 1239 1192 quidem
1285 1119 1449 1178 vobis
1492 1119 1917 1193 neglegendum
1965 1126 2080 1193 est,
2127 1118 2278 1192 quod
2322 1119 2465 1176 mihi
2514 1136 2621 1192 ego

303 1225 379 1281 17
404 1214 722 1267 extremum
789 1224 1238 1281 proposueram,
1307 1224 1436 1264 cum
1494 1224 1683 1265 essem
1746 1207 1819 1265 de
1878 1208 2021 1266 belli
2076 1223 2295 1281 genere
2343 1207 2620 1280 dicturuS,

401 1296 553 1370 quod
613 1297 686 1354 ad
743 1298 1050 1363 multorum
1110 1295 1263 1361 bona
1323 1296 1535 1363 civium
1593 1296 1977 1354 Romanorum
2036 1297 2323 1368 pertinet,
2379 1311 2619 1366 quorum

400 1385 562 1442 vobis
606 1401 710 1457 pro
740 1389 950 1443 'vestra
994 1383 1315 1456 sapientia,
1362 1383 1646 1457 QuiriteS,
1691 1382 1960 1441 habenda
1992 1389 2081 1440 est
2108 1384 2259 1441 ratio
2290 1381 2618 1455 diligenter.

401 1474 550 1531 Nam
595 1477 656 1530 et
698 1473 1017 1545 publicani,
1079 1472 1343 1528 homines
1387 1471 1777 1528 honestissimi
1829 1476 2003 1543 atque
2049 1470 2434 1543 ornatissimi,
2488 1488 2618 1528 suas

399 1562 657 1620 rationes
735 1566 795 1618 et
862 1561 1059 1634 copias
1121 1560 1184 1617 in
1251 1560 1409 1617 illam
1475 1561 1826 1630 provinciam
1903 1559 2302 1633 contulerunt,
2376 1576 2616 1631 quorum

397 1650 649 1721 ipsorum
693 1665 800 1720 per
841 1665 904 1706 se
946 1665 1042 1706 res
1090 1651 1151 1704 et
1189 1644 1459 1704 fortunae
1506 1647 1665 1706 vobis
1712 1663 1885 1705 curae
1933 1664 2059 1705 esse
2106 1647 2350 1720 debent,
2400 1648 2616 1704 etenim

398 1738 447 1794 si
492 1737 807 1807 vectigalia
846 1752 1056 1811 ner-yos
1082 1751 1230 1799 'esse
1275 1736 1364 1794 rei
1407 1734 1673 1807 publicae
1703 1752 1933 1809 semper
1961 1734 2246 1809 duximuS,
2294 1752 2426 1793 eum
2460 1742 2616 1794 certe

399 1825 689 1897 ordinem,
738 1825 836 1896 qui
886 1830 1123 1882 exercet
1165 1824 1299 1896 illa,
1345 1821 1769 1882 firmamentum
1800 1828 2126 1881 ceterorum
2158 1822 2424 1881 ordinum
2457 1830 2613 1882 recte

302 1926 378 1983 18
400 1929 528 1971 esse
575 1912 846 1970 dicemus
936 1910 1165 1969 Deinde
1215 1928 1286 1968 ex
1331 1911 1545 1968 ceteris
1592 1911 1890 1969 ordinibus
1931 1912 2192 1969 homines
2236 1912 2406 1983 gnavi
2441 1918 2612 1984 atquc

399 2000 666 2058 industrii
720 2001 935 2073 partim
984 2000 1093 2071 ipsi
1136 2000 1197 2056 in
1242 1999 1384 2056 Asia
1428 2001 1830 2072 negotiantur,
1889 2000 2091 2071 quihus
2133 2017 2234 2057 vos
2280 1999 2614 2057 absentibus

400 2089 701 2146 consulere
750 2087 1007 2161 debetiS,
1053 2089 1263 2159 partim
1309 2101 1508 2144 eorum
1554 2088 1614 2144 in
1645 2105 1717 2146 ea
1745 2089 2041 2160 provincia
2069 2089 2346 2160 pecunias
2378 2104 2613 2160 magnas

399 2177 729 2235 conlocatas
774 2176 1008 2237 habent.
1071 2175 1180 2233 Est
1214 2175 1392 2250 igitur
1436 2176 1810 2235 humanitatis
1855 2183 2083 2235 vestrae
2116 2194 2383 2250 magnum
2412 2194 2610 2235 nume-

397 2283 526 2322 rum
592 2281 793 2323 eorum
810 2259 862 2344 ⁵³)
931 2265 1136 2323 civium
1197 2263 1530 2322 calamitate
1590 2265 1925 2339 prohibere,
2006 2266 2328 2339 sapientiae
2393 2266 2612 2338 videre,

398 2353 703 2410 multorum
771 2353 976 2410 civium
1025 2352 1414 2410 calamitatem
1476 2369 1512 2411 a
1570 2370 1634 2410 re
1680 2352 1914 2426 publica
1959 2354 2277 2412 seiunctam
2323 2371 2455 2412 esse
2500 2370 2611 2411 non

396 2457 581 2514 posse.
671 2440 906 2498 Etenim
950 2443 1196 2513 primum
1240 2440 1384 2497 illud
1419 2442 1582 2514 parvi
1629 2438 1838 2515 refert,
1882 2459 1987 2499 nos
2027 2445 2064 2512 †
2089 2442 2412 2514 publicanis
2444 2443 2612 2500 amis-

396 2529 474 2587 sis
494 2523 546 2608 3)
609 2529 920 2601 vectigalia
978 2534 1181 2600 postea
1240 2529 1487 2587 victoria
1545 2545 1929 2602 recuperare3
1993 2547 2182 2602 neque
2230 2531 2384 2588 enim
2430 2531 2613 2589 isdem
2665 2511 2666 2534 ¹

394 2615 715 2675 redimendi
762 2614 1007 2673 facultas
1053 2617 1167 2675 erit
1217 2621 1456 2688 propter
1498 2617 1890 2675 calamitatem
1936 2634 2125 2690 neque
2173 2618 2302 2675 aliis
2348 2620 2610 2676 voluntas

294 2719 371 2774 19
393 2709 631 2778 propter
697 2705 977 2763 timorem.
1067 2705 1328 2778 Deinde,
1399 2704 1551 2776 quod
1620 2722 1724 2763 nos
1785 2704 1990 2763 eadem
2036 2706 2177 2763 Asia
2237 2711 2413 2778 atque
2462 2706 2613 2765 idem

391 2793 503 2850 iste
559 2792 929 2850 Mithridates
990 2793 1158 2851 initio
1224 2792 1365 2851 belli
1430 2792 1675 2852 Asiatici
1735 2793 1961 2867 docuit,
2026 2795 2087 2852 id
2158 2794 2391 2866 quidem
2453 2801 2610 2852 certe

391 2880 723 2939 calamitate
781 2879 933 2938 docti
992 2877 1271 2939 memo‘ria
1323 2882 1583 2941 retinere
1630 2880 1939 2940 debemus:
1995 2899 2127 2940 nam
2172 2887 2316 2955 tum,
2377 2899 2508 2940 cum
2556 2883 2612 2939 in

389 2969 533 3026 Asia
596 2986 691 3026 res
749 2985 985 3042 magnas
1044 2970 1313 3042 permulti
1376 2971 1718 3043 amiserant,
1794 2970 2004 3028 scimus
2047 2970 2263 3028 Romae
2321 2970 2609 3028 solutione

389 3056 671 3129 impedita
715 3053 888 3126 fimam
933 3055 1270 3124 concidisse.
1377 3058 1506 3115 Non
1575 3057 1727 3115 enim
1786 3064 2025 3129 possunt
2080 3075 2197 3116 una
2254 3060 2316 3115 in
2376 3059 2610 3117 civitate

389 3145 554 3201 multi
594 3162 720 3202 rem
764 3160 832 3201 ac
878 3144 1138 3202 fortunas
1185 3144 1480 3214 amittere,
1531 3150 1596 3202 ut
1639 3162 1752 3203 nou
1796 3146 1991 3219 plures
2036 3162 2233 3204 secum
2271 3147 2333 3203 in
2365 3147 2610 3204 eandem

389 3233 623 3289 trahant
682 3233 1091 3291 calamitatem.
1193 3232 1247 3289 A
1299 3249 1412 3304 quo
1465 3234 1724 3305 periculo
1780 3234 2085 3305 prohibete
2143 3252 2267 3292 rem
2318 3235 2609 3309 publicam

390 3326 451 3376 et
517 3319 655 3377 mihi
714 3320 969 3394 credite,
1030 3321 1091 3379 id
1154 3319 1307 3392 qnod
1362 3321 1473 3394 ipsi
1533 3321 1774 3379 videtis:
1831 3322 1978 3381 haec
2037 3321 2181 3382 fides
2235 3329 2407 3395 atque
2466 3324 2611 3380 haec

387 3408 537 3465 ratio
578 3410 951 3480 pecuniarum
969 3454 984 3483 ,
1024 3425 1172 3481 quae
1209 3409 1461 3484 Romae,
1510 3427 1656 3482 quae
1705 3411 1764 3467 in
1805 3409 1930 3469 foro
1973 3418 2268 3485 versatur,
2313 3413 2610 3484 implicata

565 3593 618 3658 1)
657 3591 889 3644 saltibus
925 3593 1225 3659 Hotoman,
1265 3593 1463 3646 salinis
1489 3595 1669 3659 codd,
1709 3595 1859 3648 silvis
1885 3595 2193 3650 Lambinus,
2346 3597 2400 3664 2)
2426 3611 2606 3648 eorum

390 3661 665 3715 Eberhard
705 3664 854 3716 uncis
894 3663 1047 3727 incl.;
1097 3666 1265 3726 recte,
1307 3668 1371 3717 ut
1402 3664 1628 3720 videtur.
1773 3668 1826 3733 3)
1866 3682 1968 3719 nos
2006 3667 2426 3732 publicanorum
2456 3666 2610 3719 bonis

387 3731 496 3800 [vel
540 3732 802 3801 fortunis]
858 3733 1076 3786 amissis
1120 3735 1406 3801 vectiyalia
1455 3735 1580 3803 ipsa
1620 3752 1782 3804 posse
1826 3737 2061 3789 victoria
2111 3753 2431 3805 recuperare
2470 3736 2608 3790 coni.

385 3803 549 3855 Halm
569 3844 581 3866 ‚
635 3819 735 3855 nos
779 3803 1002 3870 publica
1052 3804 1136 3856 his
1183 3805 1402 3858 amissis
1442 3805 1784 3876 [veetiyalia]
1825 3825 1884 3874 p.
1942 3825 1989 3859 υ.
2040 3823 2089 3861 r.
2130 3808 2453 3872 Mommsen,
2501 3824 2608 3860 rem

376 3873 658 3940 publicam
695 3874 873 3940 ipsam
908 3875 1023 3927 illa.
1060 3891 1108 3928 υ.
1147 3875 1441 3928 Eberhard.
