2669 4354
385 242 453 286 IV
486 227 499 239 ’
1310 248 1668 288 PRAEFATIO.

385 413 664 476 odiosam
732 415 1074 478 verborum
1140 416 1597 478 affectationem
1679 417 2064 497 inanemque
2128 420 2550 482 ostentatione

386 519 872 600 deprehendisse
923 519 1044 583 sibi
1100 520 1462 602 videantur,
1525 539 1712 582 nemo
1778 521 2131 602 mirabitur,
2190 523 2301 603 qui
2358 524 2620 586 eosdem

382 623 756 705 gravissima
826 623 1056 686 damna
1115 623 1224 686 illo
1301 624 1510 687 studio
1582 625 1798 705 pueris
1866 625 2152 687 contrahi
2223 626 2622 691 confidenter

382 728 867 809 pronuntiantes
933 729 1167 791 audiat.
1269 729 1362 791 At
1418 728 1580 790 nihil
1649 733 1849 811 agunt
1905 729 2027 791 isti.
2134 728 2393 793 Versari
2460 752 2618 795 sane

385 832 616 894 debent
672 833 850 913 pueri
911 834 1113 896 nostri
1170 834 1240 894 in
1288 831 1577 895 Caesaris
1630 834 2127 914 commentariis,
2193 835 2475 918 ingenua
2545 857 2619 900 ac

383 936 600 998 nativa
642 937 1041 1018 simplicitate
1087 943 1149 1000 et
1186 941 1521 999 venustate
1545 937 1933 1019 conspicuis,
1981 937 2317 1020 diligenter
2345 943 2617 1003 tractare

384 1039 668 1103 Sallustii
731 1041 999 1122 scripta,
1054 1041 1487 1104 florentissimi
1554 1059 1770 1103 rerum
1832 1040 2262 1104 Romanarum
2320 1047 2616 1127 auctoriS,

383 1162 761 1226 cognoscere
838 1146 1103 1208 lacteam
1157 1144 1461 1208 Livianae
1539 1146 1912 1209 elocutionis
1987 1146 2368 1230 ubertatem,
2448 1168 2616 1231 quae

386 1248 843 1331 discipulorum
906 1250 1149 1313 animos
1208 1250 1447 1312 mulcet
1512 1250 1694 1330 quasi
1752 1269 1825 1312 ac
1887 1250 2158 1331 detinet3
2222 1252 2616 1316 robustiores

384 1353 574 1416 etiam
629 1353 706 1415 ad
752 1353 1037 1416 Tacitina
1091 1354 1413 1417 accedere:
1477 1372 1687 1435 neque
1745 1359 1952 1417 tamen
2001 1356 2123 1418 ista
2167 1356 2615 1420 historicorum

382 1458 564 1519 lectio
628 1457 707 1533 ad
762 1457 1099 1538 perfectam
1145 1462 1208 1520 et
1262 1458 1517 1538 plenam
1585 1458 1818 1520 latinae
1871 1459 2128 1542 linguae
2187 1462 2616 1543 cognitionem

383 1565 756 1642 certumque
817 1561 894 1623 de
950 1562 1089 1624 eius
1137 1561 1485 1624 virtutibus
1543 1561 1855 1624 iudicium
1901 1562 2184 1627 sufficiet.
2275 1565 2394 1627 Hla
2439 1567 2614 1628 enim

381 1665 603 1748 lingua
670 1666 906 1746 optima
959 1666 1270 1748 praesidia
1319 1666 1626 1728 habuerat
1679 1667 1748 1728 in
1803 1667 2191 1748 eloquentia:
2253 1670 2324 1730 in
2367 1669 2505 1732 foro
2556 1676 2613 1732 et

382 1770 451 1830 in
492 1773 746 1831 ¹senatu
812 1770 1275 1833 exercebantur
1342 1774 1646 1833 oratores:
1732 1770 2122 1834 'orationibus
2189 1774 2326 1854 ipsa
2390 1773 2612 1858 lingua

384 1873 769 1936 conformata
819 1878 882 1936 et
937 1874 1017 1961 ad
1077 1894 1400 1937 summum
1453 1876 1871 1955 praestantiae
1922 1875 2246 1958 fastigium
2305 1878 2611 1958 perducta

385 1982 496 2039 est.
590 1975 766 2052 Quae
826 1978 1132 2040 hactenus
1194 1978 1661 2060 disputavimus
1724 1979 1779 2041 si
1824 1979 1929 2041 cui
1974 1979 2178 2041 aliena
2220 1978 2612 2045 videbuntur

383 2080 460 2142 ab
507 2080 626 2143 hoc
670 2081 839 2162 locO,
883 2082 940 2143 is
984 2086 1235 2163 reputet
1282 2100 1515 2162 quaeso
1563 2082 1752 2144 etiam
1795 2082 1965 2145 inter
1994 2084 2326 2166 magistros
2372 2086 2610 2148 schola-

382 2205 529 2247 rum
559 2184 757 2248 fuisse
787 2187 1149 2269 nonnullos,
1184 2187 1295 2268 qui
1321 2185 1877 2249 Ciceronianarum
1898 2189 2254 2251 orationum
2277 2188 2607 2253 lectionem

382 2307 465 2351 ex
528 2289 758 2352 scholis
819 2291 1260 2373 expellendam
1305 2308 1443 2353 esse
1490 2292 1920 2374 opinarentur,
1971 2292 2132 2354 nihil
2174 2292 2269 2354 illi
2313 2300 2607 2357 curantes

381 2411 624 2455 morem
669 2393 747 2455 ab
783 2395 1128 2469 maioribus
1162 2394 1468 2457 traditum
1490 2395 1895 2476 eundemque
1920 2397 2326 2478 gravissimas
2350 2396 2428 2459 ob
2462 2417 2608 2460 cau-

383 2517 484 2560 sas
507 2496 584 2559 ab
609 2497 906 2561 omnibus
940 2498 1192 2580 populis
1217 2503 1555 2561 servatum.
1604 2499 1720 2561 Isti
1748 2499 1799 2561 si
1823 2518 1970 2563 vere
1990 2500 2391 2583 iudicassent,
2421 2521 2607 2585 opera

385 2622 422 2663 a
464 2620 567 2663 me
624 2603 691 2663 in
742 2602 912 2666 hisce
959 2602 1349 2666 orationibus
1413 2603 1817 2667 recensendis
1860 2606 2063 2686 posita
2105 2606 2284 2667 irrita
2327 2611 2496 2670 esset
2542 2624 2607 2668 ac

382 2706 759 2788 perniciosa,
819 2726 946 2789 qua
1015 2706 1364 2769 acrioribus
1422 2706 1867 2771 Ciceronianae
1927 2710 2323 2791 eloquentiae
2381 2729 2604 2773 monu-

380 2815 742 2873 mentorum
794 2810 1020 2874 studiis
1076 2811 1408 2874 consulere
1467 2812 1807 2876 voluimus,
1918 2813 2195 2877 Selectae
2255 2815 2425 2877 enim
2472 2834 2605 2878 ora-

381 2916 604 2998 tiones,
655 2935 816 2998 quae
857 2917 1144 2979 tertianis
1190 2921 1252 2979 et
1298 2917 1681 2980 secundanis
1712 2918 2016 2999 explicari
2046 2917 2249 2980 solent
2276 2919 2346 2979 in
2378 2920 2604 2981 scholis

378 3020 640 3102 nostriS,
700 3019 848 3082 inde
895 3020 972 3082 ab
1032 3020 1132 3082 his
1178 3021 1511 3103 sexaginta
1554 3020 1685 3083 fere
1730 3022 1917 3085 annis
1974 3023 2064 3083 sic
2106 3022 2482 3103 prodierunt
2528 3041 2603 3085 ex

376 3122 569 3204 prelis
645 3123 1175 3205 orphanotrophei
1236 3123 1565 3204 Halensis,
1636 3130 1711 3187 ut
1784 3124 2197 3188 Ernestianae
2264 3126 2597 3189 verborum

377 3228 727 3289 recensioni
797 3227 1162 3290 Gruteriani
1246 3229 1627 3310 exemplaris
1711 3230 1982 3292 varietas
2063 3235 2227 3293 esset
2307 3230 2597 3293 subiecta.

377 3330 536 3393 Inde
593 3332 712 3394 etsi
766 3332 1215 3415 provectioreS,
1278 3333 1332 3395 si
1395 3333 1506 3414 qui
1582 3339 1763 3396 erant
1825 3334 1936 3415 qui
1995 3333 2145 3396 talia
2203 3335 2598 3416 inspicerent,

379 3435 533 3516 quid
598 3440 660 3497 et
705 3435 994 3498 codicum
1041 3454 1157 3518 ope
1203 3440 1266 3499 et
1311 3437 1677 3499 criticorum
1736 3438 2026 3500 acumine
2070 3444 2213 3519 post
2258 3438 2597 3502 Gruterum

376 3539 783 3601 emendatum
869 3544 1069 3622 esset,
1143 3542 1499 3622 perspicere
1577 3545 1898 3623 poterant,
1976 3542 2313 3624 plerosque
2391 3547 2596 3605 tamen

377 3642 725 3724 discipulos
771 3644 997 3706 talium
1026 3645 1426 3707 notationum
1458 3645 1700 3708 utilitas
1744 3664 2006 3727 prorsus
2034 3646 2329 3729 fugiebat.
2395 3645 2595 3722 Quare

374 3767 523 3810 cum
567 3752 712 3810 ante
760 3749 874 3811 hos
921 3753 1162 3831 septem
1208 3769 1410 3813 annos
1450 3769 1614 3812 nova
1633 3797 1648 3812 .
1669 3750 1863 3813 editio
1910 3750 2318 3834 flagitaretur,
2365 3748 2594 3814 Mauri-

374 3854 504 3915 tius
558 3852 940 3934 Seyffertus,
1012 3854 1123 3935 qui
1185 3854 1324 3917 eius
1384 3874 1602 3916 curam
1659 3853 1781 3917 sibi
1847 3855 2088 3937 imponi
2157 3875 2384 3937 passus
2454 3855 2594 3926 erat⁷
