2669 4354
2625 80 2626 105 κ

2621 128 2627 163 4

406 198 521 238 VIII
1320 199 1437 238 PRA
1443 198 1677 238 EFATIO.

578 368 704 432 Sed
760 368 957 450 priori
1015 368 1373 431 orationum
1430 368 1781 430 collectioni
1839 368 2051 430 addidi
2111 370 2458 432 orationem
2511 389 2615 451 pro

399 472 469 536 L.
534 471 832 555 Murena,
900 492 1090 554 quam
1153 476 1216 535 et
1276 472 1355 535 ab
1416 473 1557 536 aliis
1611 473 1824 555 expeti
1884 473 2105 535 audivi
2160 478 2224 536 et
2280 476 2418 557 ipse
2478 495 2626 543 cum

402 576 904 659 provectioribus
960 576 1288 658 discipulis
1332 596 1464 639 non
1510 578 1646 639 sine
1680 565 1905 641 'fructu
1949 580 2229 641 tractavi.
2320 579 2464 641 Hac
2506 580 2609 662 igi-

399 688 506 744 tur
549 683 618 743 in
661 681 1050 755 recensenda
1093 683 1283 744 etiam
1330 681 1610 763 Zumptii
1655 681 1928 744 editione
1972 702 2132 745 usus
2178 703 2353 764 sum,
2403 703 2609 765 quam-

402 806 595 867 quam
652 785 1195 871 Lagomarsiniani
1262 786 1459 848 codici
1517 805 1686 848 nono
1759 787 2099 849 admodum
2168 787 2435 851 notabili
2494 807 2608 850 non

398 897 639 954 tantam
684 891 1055 974 dignitatem
1099 895 1403 972 quantam
1450 890 1557 952 ille
1604 891 1705 952 vir
1749 890 1971 954 doctus
2016 891 2295 954 tribuere
2340 894 2537 974 potui.

572 1013 894 1075 Vimariae
940 1011 1163 1074 Idibus
1209 1010 1396 1073 Maiis
1442 1012 1599 1076 anni
1643 1009 2205 1075 MDOOOLXVH.

1334 1234 1744 1241 —-—-———-—

573 1429 949 1506 Quindecim
996 1432 1095 1493 his
1141 1432 1343 1512 annis,
1392 1432 1504 1512 qui
1548 1436 1691 1513 post
1736 1431 2011 1511 priorem
2058 1432 2397 1494 editionem
2442 1451 2604 1514 prae-

395 1537 651 1619 terlapsi
708 1540 888 1618 sunt,
945 1535 1024 1597 ad
1080 1534 1506 1598 emendandas
1554 1533 1873 1597 Ciceronis
1934 1537 2249 1599 orationes
2295 1555 2445 1598 cum
2492 1537 2603 1600 edi-

395 1640 706 1722 tionibus,
766 1658 850 1701 ex
898 1639 1133 1721 quibus
1177 1638 1452 1721 Halmii,
1509 1638 1915 1721 Eberhardii,
1975 1638 2039 1702 O.
2087 1640 2154 1703 F.
2202 1640 2304 1704 W.
2363 1641 2603 1704 Miilleri

391 1732 794 1826 potissimum
837 1743 1423 1807 commemorandae
1471 1749 1649 1826 sunt,
1694 1749 1834 1806 tum
1880 1745 2184 1826 separatis
2214 1744 2395 1807 libris
2428 1751 2602 1827 atque

389 1851 460 1911 in
506 1849 843 1912 annalibus
886 1849 1282 1933 philolog-icis
1326 1848 1531 1910 multa
1575 1852 1813 1911 tentata
1857 1849 2059 1912 multa
2113 1849 2389 1931 profecta
2448 1854 2597 1913 sunt.

392 1953 568 2030 Quae
631 1953 966 2037 diligenter
1027 1959 1090 2016 et
1152 1953 1446 2035 colligere
1501 1958 1565 2015 et
1620 1954 1989 2018 examinare
2044 1954 2279 2017 studui.
2386 1954 2597 2037 Itaque

390 2077 556 2121 nova
616 2057 772 2119 haec
817 2058 1007 2120 editio
1046 2057 1267 2119 multis
1309 2057 1465 2119 locis
1510 2062 1754 2120 mutata
1794 2062 1883 2140 et,
1943 2062 2019 2120 ut
2064 2058 2339 2142 confidO,
2400 2078 2596 2122 emen-

390 2162 593 2226 datior
636 2160 861 2244 prodit.

562 2270 989 2345 Vratislaviae
1034 2278 1254 2343 Mense
1298 2279 1466 2343 Iulio
1512 2283 1666 2343 anni
1710 2281 2348 2351 MDGCOLXXXII.

1937 2471 2138 2552 Otto
2192 2472 2510 2557 Heine.
