2669 4354
776 259 888 299 PRO
933 260 983 298 r.
1030 260 1218 300 ANNIO
1264 259 1514 300 MILONE.
2137 243 2257 300 197

76 431 292 485 Annium
328 430 637 500 plurimum
685 431 773 487 rei
818 431 1085 504 publicae
1132 430 1450 505 profuisse,
1505 434 1753 490 maxima
1808 431 2036 489 laetitia
2081 449 2260 505 popu-

4 543 7 620 ,
76 515 167 572 111111
200 516 543 590 Romanum,
614 525 878 577 cunctam
938 519 1197 593 Italiam,
1283 520 1551 578 nationes
1614 535 1813 577 omnes
1874 518 2158 578 adfecisse
2203 526 2264 578 et

4 625 9 684 Ι
76 602 201 660 dicat
259 610 319 662 et
374 606 635 663 sentiat?
756 606 886 664 Non
937 623 1084 678 queo
1143 612 1348 666 vetera
1402 608 1503 665 illa
1562 607 1759 679 populi
1812 607 2059 665 Romani
2120 624 2262 680 gau-

76 689 149 747 dia
186 697 401 762 quanta
445 693 664 751 fuerint
706 694 999 752 iudicare:
1036 696 1245 753 multas
1291 701 1488 753 tamen
1533 695 1649 753 iam
1695 711 2042 754 summorum
2080 696 2261 767 impe-

4 843 7 866 ,
73 784 297 836 ratorum
353 780 703 838 clarissimas
761 783 1031 842 victorias
1092 789 1256 841 aetas
1313 789 1514 841 nostra
1566 782 1739 856 vidit,
1803 800 2043 855 quarum
2100 784 2260 841 nulla

73 882 227 937 neque
282 874 405 925 tam
459 868 788 927 diuturnam
847 871 1045 928 attulit
1117 871 1402 929 laetitiam
1461 887 1572 929 nec
1629 876 1869 929 tantam.
1980 870 2258 930 Mandate
2282 872 2363 929 78

72 952 153 1010 hoc
192 956 508 1014 memoriae
526 1001 541 1029 ,
586 957 822 1017 iudices
939 957 1120 1031 Spero
1163 960 1344 1016 multa
1387 975 1486 1016 vos
1541 959 1869 1031 liberosque
1916 966 2138 1018 vestros
2199 962 2261 1018 in

70 1057 118 1097 re
161 1042 391 1113 publica
450 1044 603 1101 bona
661 1061 788 1104 esse
843 1046 1096 1120 visuros;
1142 1047 1203 1102 in
1263 1047 1338 1103 iis
1397 1047 1639 1120 singulis
1707 1047 1793 1104 ita
1852 1063 2084 1120 semper
2142 1049 2259 1105 exi-

70 1129 377 1204 stimabitis,
441 1132 571 1189 vivo
594 1131 658 1189 P.
722 1132 921 1191 Clodio
978 1134 1121 1191 nihil
1182 1150 1379 1191 eorum
1447 1151 1547 1192 vos
1604 1136 1823 1192 visuros
1881 1133 2081 1192 fuisse.
2191 1135 2263 1193 In

70 1232 200 1287 spem
270 1219 580 1277 maximam
657 1226 744 1294 et,
846 1238 1017 1292 quem
1099 1220 1172 1280 ad
1247 1221 1480 1279 modum
1556 1221 1807 1293 confid0,
1904 1223 2260 1281 verissimam

69 1319 231 1362 sumus
283 1306 523 1364 adducti
582 1307 734 1365 hunc
792 1310 976 1381 ipsum
1031 1325 1272 1381 annum,
1331 1310 1442 1367 hoc
1499 1309 1623 1382 ipso
1680 1326 1901 1368 summo
1960 1311 2083 1368 viro
2130 1327 2265 1369 con-

8 1421 17 1468 l
68 1392 193 1463 sule,
249 1410 583 1467 compressa
636 1395 930 1454 hominum
949 1391 1000 1476 ¹)
1044 1397 1284 1455 licentia
1301 1442 1317 1470 ,
1380 1396 1791 1469 cupiditatibus
1837 1397 2036 1456 fractis
2054 1442 2069 1470 ,
2115 1399 2261 1470 legi-

10 1471 17 1542 ξ
70 1477 148 1535 bus
198 1486 257 1538 et
314 1481 549 1542 iudiciis
605 1485 958 1555 constitutis,
1038 1486 1349 1543 salutarem
1409 1485 1630 1543 civitati
1689 1484 1830 1543 fore.
1926 1486 2080 1543 Num
2136 1487 2263 1558 quis

10 1609 17 1632 ,
70 1571 137 1622 661
181 1570 356 1641 igitur
402 1576 522 1627 tam
569 1571 837 1643 demens,
898 1573 995 1644 qui
1055 1573 1166 1630 hoc
1219 1572 1283 1630 P.
1327 1571 1528 1630 Clodio
1590 1573 1717 1631 vivo
1772 1573 2110 1645 contingere
2160 1591 2263 1646 po-

12 1643 19 1656 '
68 1655 211 1712 tuisse
257 1656 583 1716 arbitretur
603 1653 692 1738 ²)?
760 1658 949 1729 Quid?
994 1675 1066 1717 ea
1105 1677 1253 1732 quae
1299 1661 1518 1718 tenetis
1563 1662 1791 1733 privata
1835 1666 2007 1732 atque
2048 1667 2260 1734 vestra,

68 1740 372 1802 dominante
429 1745 663 1804 homine
723 1745 940 1805 furioso
989 1747 1141 1819 quod
1194 1749 1284 1805 ius
1339 1752 1665 1820 perpetuae
1720 1748 2099 1820 possessionis
2158 1748 2260 1805 ha-

67 1828 178 1886 bere
218 1833 591 1903 potuissent?

209 1920 341 1977 Non
389 1921 593 1993 time0,
645 1920 895 1993 iudices,
952 1937 1027 1978 116
1075 1921 1207 1979 odio
1251 1922 1687 1980 inimicitiarum
1733 1938 1992 1980 mearum
2037 1921 2261 1981 inflam-
2281 1917 2371 1984 29

66 2010 221 2063 matus
265 2007 549 2066 libentius
568 2002 620 2089 3)
678 2009 827 2066 haec
886 2010 949 2066 in
1006 2010 1166 2066 illum
1227 2025 1497 2069 evomere
1556 2009 1757 2067 videar
1817 2022 1990 2081 quam
2047 2011 2258 2068 verius

12 2089 259 2181 {Etenim
323 2097 380 2152 si
399 2090 455 2174 4)
527 2097 903 2169 praecipuum
967 2113 1095 2154 esse
1168 2096 1455 2171 debebat,
1529 2101 1724 2155 tamen
1791 2099 1876 2156 ita
1944 2099 2258 2157 communis

14 2182 15 2223 l
64 2188 161 2238 erat
202 2185 462 2242 omnium
522 2185 623 2243 ille
669 2185 882 2258 hostis,
945 2191 1008 2242 ut
1063 2187 1123 2242 in
1170 2188 1456 2244 communi
1510 2185 1641 2243 odio
1698 2202 1888 2258 paene
1934 2188 2260 2260 aequaliter

63 2277 366 2329 versaretur
429 2273 625 2330 odium
689 2289 896 2330 meum.
1023 2274 1153 2331 Non
1209 2280 1403 2347 potest
1461 2273 1576 2331 dici
1634 2275 1774 2331 satis
1793 2319 1808 2346 ,
1876 2290 1952 2331 ne
2016 2275 2259 2348 cogitari

12 2346 19 2439 ζ
64 2358 289 2432 quidem,
357 2365 640 2431 quantum
682 2360 744 2417 in
789 2361 888 2417 illo
936 2361 1209 2431 sceleris,
1267 2366 1546 2433 quantum
1607 2361 1769 2420 exitii
1829 2360 2019 2419 fuerit.
2111 2361 2260 2432 Quin
2278 2363 2313 2418 7
2324 2364 2359 2420 9

12 2486 19 2525 ς
64 2443 122 2500 sic
159 2447 446 2506 attendite
464 2492 481 2520 ,
533 2447 785 2519 iudices3
840 2465 1049 2520 nempe
1108 2449 1255 2506 haec
1313 2455 1404 2507 est
1449 2449 1714 2520 quaestio
1776 2448 1849 2507 de
1909 2449 2151 2508 interitu
2194 2449 2258 2507 P.

12 2588 19 2611 1
64 2527 231 2590 Clodii.
340 2535 581 2607 Fingite
631 2536 837 2593 animis
886 2570 968 2578 -—
1008 2536 1230 2594 liberae
1277 2541 1415 2593 sunt
1467 2536 1622 2594 enim
1677 2542 1911 2594 nostrae
1958 2537 2260 2608 cogitatio-

12 2666 19 2677 .
63 2633 166 2693 1166,
215 2628 274 2679 61
320 2638 476 2695 quae
524 2623 721 2680 volunt
764 2624 849 2681 sic
898 2624 1225 2695 intuentur,
1287 2629 1354 2681 ut
1398 2639 1470 2681 ea
1516 2625 1804 2681 cernimus
1824 2668 1839 2697 ,
1902 2640 2052 2695 quae
2098 2623 2262 2682 vide-

62 2720 155 2764 mus
171 2702 219 2789 5)
274 2743 389 2783 —,
453 2707 654 2782 fingite
698 2711 879 2784 igitur
923 2712 1275 2784 cogitatione
1320 2710 1635 2784 imaginem
1686 2710 1857 2768 huius
1903 2711 2260 2770 condicionis

62 2807 222 2853 meae:
305 2798 360 2855 si
417 2799 634 2871 possim
676 2796 911 2855 efficere
931 2843 947 2873 ,
1023 2804 1087 2856 ut
1126 2799 1409 2857 Milonem
1450 2798 1788 2870 absolvatis,
1866 2797 1969 2856 sed
2023 2799 2135 2870 ita,
2209 2800 2262 2855 si

61 2877 105 2934 Ρ.
145 2882 379 2943 Clodius
441 2885 750 2955 revixerit,
809 2918 893 2926 —
956 2885 1094 2958 quid
1149 2887 1306 2944 voltu
1347 2886 1733 2944 extimuistis?
1791 2902 2040 2958 quonam
2089 2885 2260 2944 modo

60 2966 135 3023 ille
174 2988 270 3029 vos
310 2974 480 3030 vivus
537 2971 844 3047 adficeret,
904 2990 1044 3045 quos
1070 2969 1121 3047 ⁶)
1188 2979 1447 3032 mortuus
1506 2973 1668 3030 inani
1715 2974 2068 3045 cogitatione
2126 2991 2260 3047 per-

61 3060 242 3117 cussit?
333 3059 526 3130 Quid?
586 3061 635 3117 si
680 3060 804 3132 ipse
848 3060 949 3120 Cn.
998 3061 1339 3134 Pompeius,
1387 3062 1486 3134 qui
1533 3078 1605 3119 ea
1648 3061 1858 3118 virtute
1906 3077 1976 3118 ac
2021 3061 2259 3119 fortuna
2305 3128 2308 3131 ,

62 3150 149 3217 est,
212 3154 276 3205 ut
345 3164 419 3205 ea
473 3149 728 3219 potuerit
782 3164 1044 3223 semper,
1098 3165 1245 3219 quae
1311 3165 1482 3207 nemo
1539 3153 1778 3222 praeter
1837 3149 2033 3221 illum,
2097 3150 2145 3205 si
2190 3149 2260 3223 is,

61 3231 294 3309 inquam,
365 3236 650 3308 potuisset
714 3241 816 3292 aut
868 3237 1266 3308 quaestionem
1330 3235 1404 3294 de
1473 3241 1657 3294 morte
1724 3235 1787 3293 P.
1852 3235 2035 3293 Clodii
2101 3234 2258 3294 ferre

79 3400 187 3411 ,ΜΝ

175 3503 224 3569 1)
262 3503 583 3555 nocentium
621 3503 922 3574 suspicatur
951 3502 1242 3558 Eberhard‘.
1388 3503 1442 3572 2)
1485 3504 1573 3559 Sic
1610 3504 1793 3573 vulgo;
1831 3502 1982 3558 codd.
2023 3502 2264 3556 arbitra-

61 3572 202 3623 retur.
373 3574 426 3639 3)
468 3573 728 3626 licentius
767 3575 950 3628 Heum.
993 3580 1049 3628 et
1086 3576 1294 3628 Ernest.
1334 3593 1427 3628 sus
1464 3577 1528 3629 ic.
1695 3576 1750 3641 4)
1789 3575 1839 3626 si
1872 3574 2020 3628 codd.
2058 3574 2171 3628 Erf.
2207 3577 2263 3628 et

63 3635 316 3707 Tegerns.;
376 3644 541 3696 ceteri
576 3648 626 3695 et
661 3643 737 3705 si;
798 3646 900 3696 etsi
944 3644 1087 3697 enim
1137 3645 1406 3698 Hirschfel
1443 3662 1514 3699 er.
1609 3645 1734 3699 Mox
1772 3644 2071 3713 praecipue
2113 3660 2263 3696 meus

62 3706 253 3765 Richter
293 3730 396 3766 scr.
568 3715 621 3781 5)
659 3719 723 3766 ut
758 3731 824 3766 ea
862 3731 1173 3776 ceo-mmm,
1212 3732 1350 3782 quae
1385 3730 1496 3767 non
1531 3715 1774 3767 videmus
1821 3732 1885 3769 ex
1928 3712 2106 3767 Colon.
2155 3714 2263 3767 Ga-

62 3781 141 3832 rat.
177 3781 432 3850 Peyron.;
470 3799 612 3849 quae
648 3784 822 3837 oculis
857 3785 1098 3837 videmus
1129 3784 1337 3839 Ernest.
1464 3786 1518 3853 6)
1557 3785 1652 3852 qui
1686 3801 1781 3839 vos
1816 3784 1955 3839 coni.
1991 3786 2053 3837 A.
2092 3784 2262 3851 Spen-

64 3848 155 3911 ge13
191 3852 247 3903 in
288 3852 403 3906 cod.
445 3853 640 3906 Salisb.
680 3857 764 3907 est
799 3855 908 3921 qui.

131 3933 218 3978 cic.
250 3937 390 3980 Oratt.
423 3939 530 3981 sen.
1745 3933 1819 3989 13
