2669 4354
904 284 1087 321 LIBER
1130 283 1416 332 QVARTVS.
2143 272 2178 325 3
2188 269 2267 326 53

76 462 245 528 esset,
303 456 620 514 tolleretur.
709 457 779 513 In
826 472 895 515 eo
920 449 998 538 ¹),
1058 473 1186 513 cum
1231 456 1349 513 iam
1393 473 1509 515 non
1554 458 1735 514 solum
1791 458 2064 515 discessio
2115 456 2270 515 facta
2291 462 2414 519 146

76 550 243 618 esset,
307 543 414 601 sed
462 545 638 602 etiam
675 545 1058 617 perscriptum
1104 549 1275 617 atque
1322 544 1385 601 in
1431 544 1657 602 tabulas
1701 545 1974 619 relatum,
2033 550 2272 618 praetor

76 633 400 705 appellatur.
519 632 599 689 At
672 632 799 703 quis
871 632 1169 704 appellat?
1284 632 1662 705 Magistratus
1735 632 1950 705 aliqui?
2066 633 2269 691 Nemo,

76 718 344 777 Senator?
459 719 549 777 Ne
619 719 680 776 id
747 719 995 791 quidem.
1113 720 1604 792 Syracusanorum
1677 721 1893 792 aliqui?
2009 720 2268 779 Minime.

76 808 193 877 Quis
260 808 441 880 igitur
504 811 833 880 praetorem
904 807 1200 880 appellat?
1322 808 1431 879 Qui
1497 813 1769 880 quaestor
1832 807 2000 865 istius
2059 806 2270 882 fuerat,

76 895 120 952 P.
161 894 484 953 Caesetius,
572 893 618 952 O
664 911 788 952 rem
835 893 1166 952 ridiculam!
1214 910 1248 952 o
1293 895 1585 953 desertum
1631 896 1952 969 hominem,
1997 895 2270 967 despera-

76 989 173 1040 tum
190 1028 206 1056 ,
283 983 568 1040 relictum.
685 983 738 1039 A
789 984 1129 1056 magistratu
1190 982 1417 1056 Sicu10,
1493 1002 1567 1042 ne
1644 988 1878 1042 senatus
1945 984 2268 1041 consultum

76 1070 236 1128 Siculi
279 1070 545 1129 homines
588 1068 785 1128 facere
826 1075 1087 1145 possent,
1144 1087 1219 1128 ne
1266 1087 1433 1127 suum
1489 1071 1578 1129 ius
1634 1072 1753 1128 suis
1811 1072 2096 1144 moribUS,
2155 1072 2270 1129 suis

76 1159 278 1232 legibus
325 1158 593 1216 obtinere
639 1163 909 1232 possent,
967 1174 1084 1215 non
1135 1158 1351 1215 amicus
1411 1159 1613 1233 istius,
1675 1175 1792 1216 non
1850 1159 2090 1231 hospeS,
2155 1175 2271 1217 non

76 1247 305 1319 denique
354 1246 560 1318 aliquis
606 1246 856 1319 Siculus,
917 1245 1021 1302 sed
1064 1251 1337 1317 quaestor
1395 1248 1594 1318 populi
1639 1246 1883 1304 Romani
1942 1251 2273 1318 praetorem

76 1335 332 1407 appellat.
453 1332 591 1403 Quis
649 1333 757 1390 hoc
816 1332 1004 1390 vidit?
1076 1334 1202 1405 quis
1262 1334 1519 1391 audivit?
1636 1333 1884 1392 Praetor
1942 1350 2161 1406 aequus
2213 1339 2274 1391 et

76 1423 286 1494 sapiens
327 1420 539 1478 dimitti
583 1420 746 1478 iubet
790 1426 1072 1478 senatum.
1179 1419 1487 1479 Concurrit
1546 1422 1621 1479 ad
1673 1438 1765 1479 me
1823 1421 2072 1479 maxima
2129 1423 2273 1479 mul-

76 1509 270 1568 titudo:
333 1510 582 1582 primum
633 1513 935 1567 senatores
980 1508 1233 1566 clamare
1279 1509 1391 1566 sibi
1456 1509 1604 1581 eripi
1661 1509 1781 1581 ine,
1845 1510 1991 1580 eripi
2036 1509 2272 1567 liberta-

76 1606 202 1654 tem:
267 1597 516 1669 populus
562 1600 825 1654 senatum
867 1595 1133 1665 laudare,
1193 1597 1410 1668 gratias
1470 1613 1672 1670 agere:
1733 1596 1887 1654 cives
1940 1595 2188 1653 Romani
2237 1612 2273 1653 a

76 1702 145 1743 me
188 1701 478 1757 nusquam
524 1683 843 1742 discedere.
934 1684 1058 1754 Quo
1119 1682 1351 1756 quidem
1412 1685 1507 1743 die
1562 1684 1708 1741 nihil
1770 1684 2002 1757 aegrius
2057 1683 2272 1742 factum

76 1778 142 1830 est
185 1773 369 1830 multo
414 1772 614 1830 labore
660 1788 821 1845 me0,
868 1788 1040 1844 quam
1085 1777 1152 1830 ut
1187 1788 1391 1830 manus
1430 1771 1503 1829 ab
1549 1772 1648 1830 illo
1693 1772 2050 1845 appellatore
2096 1771 2272 1829 absti-

76 1866 355 1919 merentur.

231 1947 376 2005 Cum
424 1947 497 2006 ad
541 1952 872 2021 praetorem
916 1947 979 2004 in
1026 1948 1118 2004 ius
1167 1947 1520 2019 adissemus,
1577 1947 1869 2019 excogitat
1913 1963 2052 2004 sane
2101 1951 2270 2005 acute
2295 1952 2415 2008 147

76 2035 190 2106 quid
213 2030 266 2116 2)
332 2034 641 2093 decernat:
715 2051 846 2092 nam
906 2039 1041 2092 ante
1103 2051 1273 2107 quam
1331 2034 1571 2092 verbum
1634 2032 1921 2107 facerem,
1996 2033 2069 2092 de
2106 2034 2273 2092 ‘sella

76 2124 306 2182 surrexit
354 2128 527 2196 atque
575 2122 740 2181 abiit.
844 2122 1049 2195 Itaque
1094 2127 1215 2180 tum
1272 2121 1347 2181 de
1409 2122 1531 2180 foro
1550 2167 1566 2196 ,
1636 2138 1763 2180 cum
1820 2123 1936 2180 iam
1997 2121 2273 2195 advespe-

76 2218 345 2284 rasceret,
401 2211 785 2273 discessimus,
873 2211 1161 2269 Postridie
1206 2223 1378 2268 mane
1438 2210 1511 2267 ab
1559 2227 1629 2268 eo
1674 2211 1933 2284 postulo,
1992 2216 2057 2268 ut
2101 2209 2272 2282 Syra-
2291 2211 2378 2276 66

76 2302 286 2358 cusanis
345 2299 553 2357 liceret
605 2304 840 2356 senatus
900 2300 1242 2373 consultum,
1310 2298 1461 2371 quod
1514 2298 1700 2370 pridie
1760 2296 2072 2367 fecissent,
2133 2298 2274 2354 mihi

76 2388 322 2447 reddere.
431 2387 540 2445 Ille
603 2388 896 2444 enimvero
955 2391 1133 2459 negat
1202 2392 1261 2445 et
1319 2387 1405 2443 ait
1470 2386 1771 2458 indignum
1843 2384 2067 2443 facinus
2127 2401 2273 2458 esse,

76 2477 207 2546 quod
251 2490 363 2548 ego
413 2475 473 2531 in
518 2480 724 2532 senatu
770 2473 995 2532 Graeco
1041 2474 1221 2532 verba
1277 2474 1571 2531 fecissem:
1627 2474 1779 2546 quod
1834 2474 2067 2546 quidem
2123 2472 2275 2545 apud

76 2562 313 2621 Graecos
384 2562 610 2621 Graece
673 2562 895 2619 locutus
967 2578 1183 2635 essem,
1257 2561 1318 2618 id
1364 2560 1536 2636 ,ferri
1608 2561 1764 2618 nullo
1840 2560 2008 2618 modo
2088 2577 2274 2633 posse.

76 2649 357 2724 Respondi
414 2650 668 2725 homini,
732 2654 798 2706 ut
855 2651 1053 2723 potui,
1124 2654 1189 2706 ut
1245 2647 1449 2722 debui,
1513 2654 1579 2707 ut
1619 2649 1791 2706 volui.
1881 2647 2022 2705 Cum
2079 2648 2275 2722 multa,

76 2743 178 2795 tum
239 2740 420 2796 etiam
478 2739 585 2795 hoc
639 2754 730 2795 me
752 2731 805 2818 3)
867 2738 1103 2795 memini
1167 2736 1393 2806 dicere,
1460 2734 1632 2794 facile
1699 2752 1827 2793 esse
1892 2736 2275 2807 perspicuum,

76 2833 338 2896 quantum
392 2826 548 2883 inter
591 2826 744 2882 hunc
796 2831 856 2883 et
898 2826 1059 2882 illum
1102 2824 1498 2896 Numidicum,
1564 2840 1763 2881 verum
1815 2839 1883 2880 ac
1939 2838 2276 2896 germanum

76 2913 402 2986 Metellum,
471 2914 817 2970 interesset:
886 2913 1050 2970 illum
1101 2912 1356 2970 noluisse
1414 2927 1518 2969 sua
1576 2910 1906 2969 laudatione
1960 2911 2164 2968 iuvare
2209 2910 2275 2967 L.

76 3000 397 3074 Lucullum,
462 3001 675 3058 sororis
732 3001 948 3072 virum,
1018 3001 1249 3072 quicum
1303 3000 1519 3072 optime
1539 2993 1593 3078 ⁴)
1663 2998 2057 3056 convenisset:
2126 2998 2277 3055 hunc

76 3088 275 3146 homini
331 3088 685 3146 alienissimo
735 3104 771 3146 a
818 3088 1146 3146 civitatibus
1199 3087 1559 3146 laudationes
1614 3104 1723 3159 per
1767 3086 1882 3143 vim
1942 3091 2003 3143 et
2061 3090 2277 3143 metum

76 3192 422 3250 comparare.
532 3175 694 3245 Quod
760 3176 859 3233 ubi
929 3176 1192 3234 intellexi
1261 3177 1504 3232 multum
1564 3174 1715 3245 apud
1778 3174 1941 3230 illum
2007 3178 2276 3231 recentes
2301 3182 2422 3238 148

76 3265 322 3336 nuntiOS,
395 3265 634 3320 multum
687 3263 935 3321 tabellas
994 3279 1112 3321 non
1172 3262 1703 3337 commendaticiaS,
1777 3261 1882 3319 sed
1937 3261 2277 3319 tributarias

76 3353 310 3411 valuisse
331 3395 347 3424 ,
429 3350 724 3409 admonitu
795 3352 1049 3423 ipsorum
1122 3350 1617 3423 Syracusanorum
1690 3351 1972 3423 impetum
2046 3349 2108 3405 in
2177 3364 2277 3406 eas

76 3440 293 3497 tabulas
358 3437 545 3512 faci0,
625 3440 686 3495 in
758 3440 964 3510 quibus
1034 3444 1269 3497 senatus
1341 3439 1662 3496 consultum
1723 3437 2186 3509 perscripserant
2208 3429 2275 3515 5).

204 3674 257 3740 1)
299 3672 481 3738 Vulgo
520 3688 581 3724 ex
620 3672 752 3724 dett.
791 3672 1050 3725 edebatur
1086 3670 1165 3723 At
1198 3685 1338 3723 vere.
1550 3672 1606 3737 2)
1656 3670 1801 3737 quod
1834 3671 2003 3737 Bake,
2053 3669 2279 3738 Kayser.

76 3742 117 3807 3)
152 3759 237 3794 me
271 3742 425 3795 deest
459 3742 519 3794 in
558 3741 707 3794 codd.
831 3743 886 3808 4)
926 3740 974 3793 ei
1008 3741 1074 3793 de
1110 3740 1358 3793 Lambin.
1398 3740 1534 3793 coni.
1576 3739 1783 3793 addunt
1818 3741 2008 3802 Halm,
2045 3741 2278 3808 Kayse13
2314 3775 2317 3779 -

76 3813 156 3865 sed
225 3828 274 3866 v,
334 3829 386 3879 p.
450 3811 501 3865 S.
563 3812 716 3865 Rosc.
770 3812 837 3865 96
887 3811 1192 3878 propinqui
1247 3811 1566 3878 coynatique
1624 3810 1817 3877 optime
1886 3810 2277 3863 convenientes

76 3884 116 3949 5)
165 3882 260 3935 Sic
300 3882 413 3935 cod.
451 3882 614 3949 Reg.;
664 3883 881 3950 Zumpt,
929 3881 1023 3934 alii
1069 3897 1131 3934 ex
1168 3880 1320 3935 codd.
1363 3880 1495 3934 dett.
1546 3880 1602 3933 S.
1648 3881 1704 3937 G.
1737 3880 2053 3947 perscripta
2088 3884 2277 3940 erant;
