2669 4354
449 218 531 274 30
1440 233 1657 274 onAno

445 404 823 479 credendum,
868 422 937 463 ac
989 422 1123 478 non,
1171 405 1322 477 quod
1349 398 1400 485 ¹)
1444 403 1683 478 fecerit,
1729 405 2135 463 vindicandum
2181 406 2274 465 sit.
2364 407 2455 463 Ita
2500 421 2622 462 more

443 493 724 550 maiorum
769 497 1158 565 comparatum
1204 498 1320 568 est,
1367 498 1432 551 ut
1453 487 1506 573 2)
1552 494 1613 550 in
1658 494 1907 550 minimis
1935 495 2112 552 rebus
2140 493 2401 552 homines
2430 493 2623 565 amplis-

301 584 422 640 103
444 581 572 638 simi
634 581 1026 639 testimonium
1078 581 1151 638 de
1205 598 1311 639 sua
1367 598 1433 639 re
1479 597 1594 638 non
1636 581 1917 640 dicerent.
2006 582 2350 655 Africanus,
2417 582 2513 653 qui
2554 595 2623 637 suo

445 669 783 742 cognomine
844 669 1104 727 declarat
1155 670 1391 727 tertiam
1433 674 1661 741 partem
1708 670 1864 727 orbis
1909 674 2198 728 terrarum
2234 687 2299 728 se
2345 669 2623 742 subegisse,

444 761 672 831 tamen,
717 759 766 814 si
813 774 918 815 sua
961 774 1058 815 res
1103 761 1408 831 ageretur,
1455 753 1847 815 testimonium
1891 775 2006 817 non
2051 758 2309 831 diceret3
2353 774 2490 816 nam
2516 753 2623 815 illud

443 846 504 901 in
562 845 742 904 talem
800 846 985 903 virum
1040 861 1158 902 non
1204 844 1393 903 audeo
1434 845 1657 905 dicere:
1726 845 1776 903 si
1823 846 2075 919 diceret,
2143 861 2263 904 non
2308 846 2623 904 crederetur.

441 931 652 991 Videte
719 949 903 1007 nunc,
972 949 1144 1005 quam
1209 949 1379 991 versa
1437 939 1498 991 et
1561 937 1781 992 mutata
1839 934 1901 991 in
1960 934 2219 1007 peiorem
2280 939 2505 1006 partem
2544 932 2625 990 sint

443 1021 651 1078 omnia.
743 1019 886 1078 Cum
932 1020 1004 1079 de
1050 1019 1215 1079 bonis
1259 1026 1321 1079 et
1365 1021 1438 1080 de
1485 1021 1667 1080 caede
1703 1026 1938 1095 agatur,
1984 1023 2377 1080 testimonium
2407 1022 2623 1080 dicturus

446 1113 536 1166 est
600 1109 674 1182 iS,
744 1109 844 1180 qui
899 1113 958 1166 et
1022 1114 1213 1167 sector
1270 1113 1361 1166 est
1419 1114 1481 1167 et
1524 1110 1792 1183 sicariuS,
1853 1110 1963 1167 hoc
2006 1115 2122 1184 est,
2194 1111 2290 1182 qui
2338 1115 2398 1169 et
2436 1111 2623 1168 illorum

443 1196 698 1269 ipsorum
740 1197 1052 1271 bonorum,
1094 1197 1167 1255 de
1212 1197 1419 1269 quibus
1461 1198 1685 1272 agitur,
1745 1201 1969 1270 emptor
2012 1203 2185 1271 atque
2230 1214 2528 1272 possessor
2566 1200 2624 1253 est

446 1291 506 1343 et
553 1301 683 1342 eum
726 1285 1017 1343 hominem
1061 1283 1439 1343 occidendum
1485 1287 1737 1359 curavit,
1783 1285 1856 1343 de
1905 1286 2069 1343 cuius
2111 1291 2301 1344 morte
2348 1286 2622 1359 quaeritur.

302 1375 427 1433 104
446 1371 594 1443 Quid
652 1377 738 1446 tu,
794 1373 884 1430 vir
929 1373 1190 1444 optime?
1250 1373 1461 1444 ecquid
1505 1373 1688 1431 habes
1736 1374 1887 1445 quod
1928 1373 2126 1431 dicas?
2181 1375 2323 1431 mihi
2371 1375 2622 1432 ausculta:

444 1460 575 1517 vide
643 1477 716 1518 ne
783 1460 891 1517 tibi
961 1459 1146 1533 desis3
1202 1465 1304 1517 tua
1368 1477 1592 1533 quoque
1652 1476 1747 1519 res
1803 1478 2123 1534 permagna
2176 1464 2385 1535 agitur.
2479 1460 2623 1519 Multa

444 1549 763 1621 scelerate,
829 1549 1011 1605 multa
1064 1548 1395 1622 audaciter,
1454 1548 1637 1606 multa
1693 1549 1953 1621 improbe
2015 1550 2236 1623 fecisti3
2303 1568 2483 1608 unum
2525 1547 2623 1606 stul·

444 1637 692 1710 tissime,
736 1633 997 1708 profecto
1042 1641 1145 1694 tua
1189 1641 1427 1709 sponte,
1474 1652 1590 1693 non
1622 1636 1694 1694 de
1726 1636 1928 1694 Erucii
1973 1638 2298 1696 sententia:
2342 1638 2490 1695 nihil
2518 1649 2620 1708 opus

442 1721 554 1781 fuit
617 1729 676 1783 te
731 1724 862 1781 istic
922 1724 1158 1798 sedere3
1216 1740 1407 1796 neque
1471 1724 1626 1781 enim
1690 1729 2026 1783 accusatore
2072 1730 2231 1783 muto
2270 1742 2466 1798 neque
2512 1729 2623 1783 teste

445 1813 743 1885 quisquam
811 1811 990 1869 utitur
1039 1828 1136 1885 eo,
1206 1813 1305 1884 qui
1364 1813 1437 1870 de
1489 1813 1840 1870 accusatoris
1894 1813 2166 1872 subsellio
2228 1816 2429 1887 surgit.
2535 1812 2624 1870 Huc

445 1899 698 1974 accedit,
770 1900 922 1972 quod
986 1901 1158 1973 paulo
1216 1905 1412 1957 tamen
1470 1900 1749 1957 occultior
1807 1905 1981 1973 atque
2041 1902 2254 1959 tectior
2304 1908 2503 1961 vestra
2548 1902 2624 1958 istu

443 1987 726 2060 cupiditas
784 1992 955 2045 esset.
1065 1989 1231 2046 Nunc
1276 1987 1413 2060 quid
1455 1993 1545 2045 est
1598 1988 1747 2059 quod
1792 1989 2089 2061 quisquam
2134 2007 2205 2047 ex
2249 1991 2413 2048 vobis
2463 1989 2622 2047 audire

443 2075 764 2149 desideret,
812 2092 942 2133 cum
995 2092 1143 2148 quae
1203 2075 1397 2132 facitis
1442 2076 1580 2134 eius.
1611 2075 1766 2133 modi
1811 2077 1957 2150 sint,
2014 2081 2080 2134 ut
2124 2094 2197 2135 ea
2240 2077 2443 2136 dedita
2490 2089 2625 2151 opera

447 2180 482 2220 a
528 2163 693 2222 nobis
741 2168 943 2222 contra
985 2169 1207 2222 vosmet
1248 2163 1403 2237 ipsos
1449 2162 1648 2223 facere
1695 2164 2046 2224 videamini?

303 2249 424 2311 105
621 2251 784 2325 Age,
855 2268 1007 2309 nunc
1061 2252 1164 2309 illa
1209 2252 1534 2326 videamuS,
1596 2252 1844 2326 iudiceS,
1913 2270 2065 2326 quae
2108 2255 2305 2312 statim
2352 2256 2624 2313 consecuta

339 2331 428 2398 37
446 2343 595 2397 sunt.
684 2340 776 2398 Ad
819 2339 1153 2398 Volaterras
1212 2340 1275 2397 in
1321 2345 1515 2398 castra
1558 2340 1623 2397 L.
1671 2340 1866 2398 Sullae
1909 2359 2062 2400 mors
2107 2342 2238 2401 Sex.
2283 2341 2482 2401 Roscii
2526 2356 2625 2415 qua·

444 2428 675 2502 dridu0,
744 2444 854 2501 quo
918 2428 969 2485 is
1033 2428 1253 2486 occisus
1317 2433 1439 2502 est,
1506 2425 1873 2502 Chrysogono
1934 2431 2248 2489 nuntiatur.
2353 2430 2625 2501 Quaeritur

444 2516 623 2573 etiam
667 2534 844 2589 nunc,
892 2516 1019 2588 quis
1065 2531 1195 2573 eum
1238 2518 1503 2573 nuntium
1547 2517 1811 2576 miserit?
1900 2518 2109 2577 Nonne
2155 2519 2529 2591 perspicuum
2568 2519 2626 2574 est

443 2603 692 2662 eundem
710 2649 725 2678 ,
757 2605 852 2676 qui
883 2604 1216 2661 Ameriam?
1292 2602 1472 2661 Curat
1502 2602 1929 2680 ChrysogonuS,
1974 2611 2039 2664 ut
2070 2609 2196 2665 eius
2225 2607 2382 2665 bona
2411 2605 2624 2665 veneant

442 2693 667 2766 statim,
731 2693 829 2765 qui
888 2710 1004 2750 non
1062 2698 1230 2750 norat
1284 2692 1576 2750 hominem
1629 2698 1730 2750 aut
1783 2709 1926 2752 rem.
2018 2694 2098 2753 At
2154 2695 2251 2768 qui
2300 2696 2355 2753 ei
2402 2691 2625 2754 venitin

440 2786 694 2839 mentem
736 2781 978 2853 praedia
1024 2781 1435 2853 concupiscere
1481 2781 1728 2839 hominis
1772 2781 1982 2856 ignoti,
2022 2800 2191 2855 quem
2235 2784 2471 2841 omnino
2502 2796 2625 2839 num·

441 2886 610 2941 quam
655 2868 919 2927 viderat?
1007 2869 1241 2943 Soletis,
1289 2886 1420 2926 cum
1464 2868 1682 2940 aliquid
1723 2869 1959 2929 huiusce
2006 2871 2159 2929 modi
2200 2872 2471 2945 audistis,
2516 2867 2626 2927 iudi-

441 2974 570 3031 ceS,
641 2958 910 3015 continuo
976 2957 1206 3014 dicere:
1275 2973 1519 3015 necesse
1582 2962 1672 3014 est
1734 2958 1984 3029 aliquem
2043 2959 2256 3017 dixisse
2311 2960 2625 3030 municipem

441 3051 539 3103 aut
582 3046 864 3103 vicinum:
918 3046 962 3101 ii
1006 3046 1347 3118 plerumque
1393 3043 1679 3118 indicant,
1722 3061 1829 3116 per
1878 3062 1979 3104 eos
2022 3048 2283 3119 plerique
2322 3047 2626 3120 produntur.

296 3131 417 3188 106
438 3133 552 3189 Hic
594 3133 742 3191 nihil
790 3138 910 3206 est,
955 3133 1108 3205 quod
1151 3133 1478 3205 suspicione
1534 3127 1960 3213 computetis.3)
2049 3135 2179 3192 Non
2220 3136 2377 3192 enim
2425 3151 2533 3209 ego
2571 3134 2627 3188 ita

437 3220 766 3293 disputabo:
832 3221 956 3279 veri
1015 3221 1201 3279 simile
1267 3226 1357 3278 est
1412 3219 1647 3277 Roscios
1712 3221 1882 3278 istam
1945 3238 2070 3280 rem
2108 3222 2182 3280 ad
2229 3221 2626 3295 Chrysogonum

437 3307 739 3382 detulisse,
808 3314 935 3367 erat
1003 3309 1157 3366 enim
1214 3309 1299 3367 eis
1356 3324 1482 3365 cum
1545 3306 1917 3383 Chrysogono
1971 3310 2086 3367 iam
2148 3315 2326 3369 antea
2381 3310 2628 3376 amicitia;

436 3412 570 3454 nam
613 3413 740 3454 cum
782 3398 994 3455 multos
1036 3401 1264 3455 veteres
1309 3413 1346 3453 a
1390 3396 1701 3454 maioribus
1747 3397 1938 3455 Roscii
1980 3404 2259 3472 patronos
2288 3399 2629 3473 hospitesque

614 3651 667 3717 1>
717 3665 784 3702 ac
820 3665 933 3702 non
967 3647 1110 3718 quod
1142 3646 1300 3718 Jeep:
1350 3662 1427 3701 an
1471 3645 1615 3715 quod
1648 3647 1810 3715 vulgo
1850 3663 1910 3701 ex
1947 3646 2099 3703 codd.
2315 3649 2370 3718 2)
2421 3649 2501 3703 vel
2536 3641 2629 3701 add.

436 3719 616 3773 Halm.
829 3723 882 3789 3)
924 3721 1229 3788 suspicione
1267 3718 1584 3785 computetis
1622 3719 1812 3786 scripsi
1851 3736 1954 3773 sec.
1993 3720 2341 3788 Richterum,
2383 3722 2475 3790 qui
2508 3731 2630 3782 susp·

437 3792 536 3843 hoc
572 3791 887 3858 computetis
927 3792 1164 3859 scripsit,
1204 3789 1563 3857 suspicionem
1602 3790 1701 3842 hoc
1724 3789 1931 3857 putetis
1968 3789 2144 3857 codd„
2204 3792 2517 3858 suspicione
2548 3800 2632 3841 esse

435 3877 571 3929 opus
598 3878 655 3928 p.
693 3862 911 3926 Baiter,
954 3861 1017 3913 in
1047 3861 1356 3929 suspicione
1394 3860 1493 3912 hoc
1527 3876 1635 3911 esse
1668 3875 1719 3925 p.
1756 3859 1935 3913 Halm.
