2669 4354
404 219 486 274 20
1408 230 1626 272 ORATIO

398 419 546 474 quae
603 402 728 460 dies
781 409 1093 475 noctesque
1144 407 1446 475 parentum
1506 418 1725 474 poenas
1789 419 1825 460 a
1872 404 2443 461 consceleratissimis
2487 401 2595 459 filiis
2637 468 2638 471 Ἴ

297 493 376 550 68
398 495 668 563 repetant
686 488 752 569 ¹).
841 491 1005 548 Haec
1053 490 1389 562 magnitudo
1433 487 1703 547 maleficii
1749 489 1919 565 facit,
1968 496 2033 548 ut
2076 492 2188 548 nisi
2216 507 2405 564 paene
2438 491 2595 548 mani-

395 577 607 636 festum
651 579 1022 651 parricidium
1065 576 1415 652 proferatur,
1463 577 1737 636 credibile
1777 595 1891 636 non
1935 579 2036 653 sit,
2090 579 2202 635 nisi
2249 580 2433 651 turpis
2480 579 2595 636 adu-
2637 636 2638 651 ¹

396 668 706 740 lescentia,
789 667 896 723 nisi
968 666 1230 725 omnibus
1296 666 1531 737 flagitiis
1604 666 1723 723 vita
1786 667 2113 739 inquinata,
2183 668 2291 724 nisi
2360 672 2594 740 sumptus

397 754 562 812 effusi
611 772 737 811 cum
780 753 991 826 probro
1037 759 1212 826 atque
1255 753 1571 826 dedecore,
1617 754 1729 810 nisi
1759 760 2075 827 praerupta
2101 747 2155 833 2)
2199 753 2461 826 audacia,
2504 754 2593 810 nisi

397 847 560 900 tanta
619 843 947 915 temeritaS,
1001 847 1064 899 ut
1123 859 1235 898 non
1289 842 1492 913 procul
1554 841 1868 899 abhorreat
1911 842 1984 899 ab
2029 843 2270 902 insania.
2361 842 2593 900 Accedat

396 931 505 988 huc
572 934 800 1002 oportet
865 930 1057 987 odium
1123 929 1412 1003 parentiS,
1489 928 2005 986 animadversionis
2073 934 2355 1001 paternae
2411 936 2591 1000 metuS,

396 1019 565 1075 amici
621 1017 894 1091 improbi,
948 1017 1100 1074 servi
1160 1017 1402 1091 conscii,
1464 1022 1687 1089 tempus
1732 1017 2031 1091 idoneum,
2087 1019 2249 1075 locus
2294 1024 2591 1090 opportune

397 1111 596 1177 captus
651 1104 726 1162 ad
777 1122 906 1163 eam
963 1122 1112 1177 rem3
1177 1120 1366 1176 paene
1422 1104 1641 1178 dicam,
1711 1121 2011 1176 respersas
2072 1123 2273 1162 manus
2333 1107 2591 1179 sanguine

393 1200 635 1265 paterno
680 1192 899 1249 iudices
942 1193 1179 1250 videant
1224 1197 1488 1266 oportet,
1534 1193 1582 1248 si
1629 1197 1849 1249 tantum
1897 1192 2135 1264 facinuS‚
2182 1198 2300 1251 tam
2346 1195 2592 1263 immane,

294 1288 373 1343 69
396 1287 514 1338 tam
553 1280 826 1338 acerbum
842 1276 893 1359 3)
941 1281 1217 1338 credituri
1261 1286 1409 1337 sunt.
1517 1279 1706 1350 Quare
1754 1280 1861 1337 hoc
1904 1298 2015 1352 quo
2060 1283 2247 1338 minus
2292 1287 2385 1339 est
2431 1281 2592 1339 credi·

392 1370 540 1441 bile,
597 1370 706 1425 nisi
764 1369 1104 1442 ostenditur,
1168 1385 1237 1426 eo
1281 1369 1463 1439 magis
1512 1375 1630 1440 est,
1678 1368 1725 1425 si
1769 1369 2142 1443 convincitur,
2186 1368 2589 1427 vindicandum.

284 1455 373 1521 25
567 1457 772 1528 Itaque
820 1473 948 1512 cum
992 1456 1185 1513 multis
1231 1473 1303 1513 ex
1347 1455 1519 1513 rebus
1558 1456 1821 1527 intellegi
1860 1461 2055 1527 potest
2100 1459 2348 1515 maiores
2389 1463 2591 1515 nostros

393 1562 506 1601 non
569 1545 735 1601 modo
782 1545 954 1601 armis
998 1545 1125 1616 plus
1170 1559 1343 1615 quam
1391 1549 1617 1600 ceteras
1664 1543 1955 1618 nationeS,
2014 1562 2209 1603 verum
2256 1546 2434 1603 etiam
2482 1563 2591 1603 con·

395 1633 522 1689 silio
569 1632 967 1704 sapientiaque
1011 1632 1294 1704 potuisse,
1340 1635 1459 1688 tum
1509 1648 1579 1688 ex
1618 1631 1728 1687 hac
1773 1648 1837 1688 re
1883 1634 1976 1689 vel
2023 1634 2295 1708 maxime,
2357 1634 2510 1706 quod
2548 1633 2591 1688 in

392 1721 595 1792 impios
671 1722 959 1793 singulare
1031 1720 1374 1792 supplicium
1426 1720 1790 1777 invenerunt.
1901 1718 2027 1789 Qua
2085 1721 2145 1778 in
2209 1739 2275 1778 re
2338 1727 2590 1794 quantum

391 1808 698 1880 prudentia
748 1809 1153 1880 praestiterint
1195 1809 1294 1882 iis,
1340 1807 1437 1879 qui
1490 1806 1643 1878 apud
1692 1815 1917 1864 ceteros
1961 1809 2373 1880 sapientissimi
2434 1809 2590 1866 fuisse

291 1904 371 1960 70
391 1897 676 1969 dicuntur,
724 1895 1103 1954 considerate.
1192 1895 1649 1953 Prudentissima
1694 1896 1894 1952 civitas
1938 1896 2414 1971 Atheniensium,
2479 1898 2591 1956 dum

392 2002 463 2043 ea
498 2001 691 2042 rerum
735 1985 919 2056 potita
965 1989 1081 2057 est,
1141 1982 1319 2040 fuisse
1368 1983 1644 2055 traditur3
1698 1984 1821 2040 eius
1866 2001 2037 2056 porro
2082 1985 2331 2042 civitatis
2381 1987 2592 2058 sapien-

388 2074 670 2130 tissimum
723 2071 988 2129 Solonem
1041 2071 1240 2128 dicunt
1294 2069 1505 2144 fuisse,
1553 2087 1683 2129 eum
1757 2072 1853 2142 qui
1903 2074 2099 2146 legeS,
2167 2073 2373 2144 quibus
2437 2073 2590 2132 hodie

387 2177 614 2233 quoque
669 2164 924 2234 utuntur,
979 2160 1209 2232 scripsit
1223 2154 1295 2239 4).
1397 2159 1453 2217 Is
1515 2176 1641 2216 cum
1702 2161 2179 2234 interrogaretur,
2242 2179 2348 2219 cur
2392 2163 2590 2221 nullum

386 2249 726 2321 supplicium
792 2250 1187 2307 constituisset
1232 2248 1292 2303 in
1332 2265 1487 2321 eum,
1550 2248 1648 2319 qui
1693 2253 1997 2320 parentem
2039 2255 2326 2324 necasset,
2373 2267 2591 2324 respon·
2637 2277 2638 2316 3

385 2337 470 2393 dit
523 2354 586 2394 se
648 2337 708 2394 id
754 2337 1042 2394 neminem
1102 2335 1387 2393 facturum
1432 2340 1681 2407 putasse.
1776 2336 2333 2409 Sapienter-fecisse
2381 2338 2590 2408 dicitur,
2637 2327 2638 2370 1

385 2443 512 2482 cum
563 2425 634 2482 de
682 2442 751 2482 eo
793 2425 939 2482 nihil
986 2425 1268 2498 sanxerit,
1328 2424 1481 2496 quod
1526 2428 1702 2481 antea
1748 2426 2109 2482 commissum
2154 2442 2267 2482 non
2316 2431 2474 2500 erat,
2531 2442 2588 2483 ne
2637 2423 2638 2464 ἶ

384 2530 498 2570 non
560 2518 677 2570 tam
739 2513 1048 2585 prohibere
1110 2530 1280 2585 quam
1350 2511 1663 2570 admonere
1722 2512 2033 2570 videretur.
2136 2513 2364 2583 Quanto
2426 2512 2590 2572 nostri
2637 2523 2638 2590 ξ

382 2602 632 2658 maiores
674 2601 1023 2673 sapientius!
1072 2602 1168 2673 qui
1216 2618 1345 2657 cum
1390 2600 1805 2671 intellegerent
1833 2600 1979 2657 nihil
2012 2618 2139 2659 esse
2170 2607 2287 2658 tam
2327 2609 2589 2672 sanctum,

381 2689 532 2761 quod
589 2706 702 2746 non
757 2688 1064 2761 aliquando
1119 2689 1362 2746 violaret
1432 2688 1707 2761 audacia,
1768 2690 2109 2761 supplicium
2162 2690 2223 2747 in
2281 2692 2589 2763 parricidas
2637 2701 2638 2754 3

381 2778 674 2850 singulare
721 2778 1230 2851 excogitaverunt,
1277 2781 1368 2850 ut,
1415 2792 1554 2847 quos
1600 2780 1810 2833 natura
1836 2777 1963 2848 ipsa
2008 2778 2265 2835 retinere
2307 2779 2369 2835 in
2416 2778 2589 2837 officio

379 2883 495 2924 non
548 2868 862 2939 potuisset,
920 2865 1314 2938 magnitudine
1369 2880 1592 2935 poenae
1655 2879 1691 2920 a
1753 2864 2032 2923 maleficio
2090 2858 2588 2925 summoverentur.
2637 2907 2638 2942 ᾗ

377 2955 534 3012 Insui
580 2956 887 3013 voluerunt
931 2956 991 3011 in
1038 2954 1286 3010 culleum
1330 2954 1488 3009 vivos
1535 2957 1709 3023 atque
1749 2953 1833 3009 ita
1876 2953 1938 3011 in
1983 2952 2193 3011 flumen
2242 2954 2415 3012 deici.

265 3041 356 3108 26
551 3043 597 3100 O
652 3044 1005 3117 singularem
1067 3040 1447 3113 sapientiam,
1506 3039 1751 3097 iudices!
1860 3041 2064 3099 Nonne
2121 3042 2392 3100 videntur
2451 3045 2588 3100 hunc

275 3137 349 3193 71
374 3130 661 3188 hominem
723 3147 795 3187 ex
843 3146 1040 3189 rerum
1093 3134 1302 3186 natura
1355 3128 1653 3186 sustulisse
1714 3133 1774 3186 et
1829 3131 2138 3203 eripuisse,
2199 3131 2293 3187 cui
2354 3136 2587 3205 repente

376 3220 631 3292 caelum,
709 3218 918 3291 solem,
1006 3233 1214 3288 aquam
1280 3221 1612 3288 terramque
1694 3216 2045 3289 ademerint,
2127 3222 2221 3291 ut,
2305 3221 2407 3291 qui
2472 3236 2586 3278 eum

374 3311 670 3380 necasset,
723 3306 875 3364 unde
931 3306 1056 3378 ipse
1113 3310 1281 3362 natus
1327 3309 1509 3376 esset,
1574 3311 1803 3363 careret
1859 3306 1931 3362 iis
1975 3306 2149 3364 rebus
2192 3308 2482 3382 omnibuS,
2530 3323 2588 3364 ex

374 3394 580 3466 quibus
635 3396 828 3452 omnia
890 3400 1029 3451 nata
1084 3409 1211 3451 esse
1273 3393 1585 3450 dicuntur?
1674 3393 1999 3452 Noluerunt
2041 3393 2182 3451 feris
2228 3411 2433 3468 corpus
2481 3394 2585 3452 obi-

373 3499 541 3557 cere,
595 3500 669 3539 ne
723 3482 924 3540 bestiis
986 3498 1244 3555 quoque,
1301 3497 1450 3553 quae
1496 3484 1720 3538 tantum
1766 3482 1957 3540 scelus
1998 3482 2351 3555 attigissent,
2398 3485 2587 3541 imma·

549 3717 600 3782 1)
639 3720 885 3781 repetunt
935 3714 1071 3767 coni.
1124 3714 1371 3769 Schuetz.
1586 3713 1638 3781 2)
1671 3721 1979 3781 praerupta
2024 3714 2135 3767 cod.
2173 3714 2306 3781 Lag.
2347 3716 2435 3782 26,
2464 3731 2586 3783 pro·

369 3791 541 3853 rupta
579 3789 703 3839 cett.
743 3785 914 3850 codd„
956 3784 1097 3854 quod
1135 3785 1333 3838 retinet
1369 3784 1701 3838 Fleckeisen.
1785 3785 1840 3851 3)
1877 3784 1992 3838 t'am
2029 3785 2311 3851 acerbum,
2347 3791 2462 3839 tam
2499 3787 2588 3838 im-

368 3874 530 3909 mane
567 3857 901 3911 Fleckeisen.
1045 3856 1101 3921 4)
1143 3854 1231 3907 Sic
1267 3855 1461 3918 Halm,
1499 3853 1776 3921 scrzspserit
1812 3855 1961 3909 codd.
