2669 4354
625 663 1717 770 PRAEFATIO

859 838 1232 894 Enrrioms
1268 799 1473 891 x'vm.

74 1088 490 1217 Quamquam
536 1137 828 1196 veterum
871 1131 1260 1195 Graecorum
1303 1134 1367 1191 et
1389 1128 1824 1190 Romanorum
1870 1129 2282 1188 monumenta

66 1245 289 1327 ingenii
334 1263 659 1307 summam
701 1260 947 1323 semper
983 1240 1347 1303 habuerunt
1377 1239 1631 1301 laudem
1662 1242 1725 1300 et
1768 1237 2033 1320 gloriam
2081 1253 2282 1316 eaque

67 1348 377 1411 admiratio
424 1350 522 1411 ita.
566 1347 645 1409 ad
685 1346 895 1407 omnia
928 1345 1179 1408 saecula
1208 1348 1551 1426 propagata
1596 1353 1717 1424 est,
1766 1346 1838 1404 ut
1876 1358 2075 1423 paene
2107 1338 2282 1401 nefas

71 1452 142 1514 sit
182 1451 255 1514 ab
299 1454 423 1515 isto
473 1451 712 1514 iudicio
760 1449 1113 1529 discedere,
1158 1453 1369 1510 tamen
1417 1448 1534 1509 hac
1575 1450 1775 1510 aetate
1807 1444 2118 1524 nonnulli,
2165 1444 2282 1506 sci·
2374 1468 2381 1473 ·

69 1556 200 1617 licet
234 1561 306 1618 ut
351 1555 768 1618 ostenderent
810 1553 1085 1615 liberum
1115 1553 1403 1613 animum
1447 1555 1510 1613 et
1552 1549 1997 1632 praeiudicatis
2042 1548 2283 1629 opinio-

71 1657 246 1722 nibus
287 1661 606 1740 solutum,
661 1659 1014 1721 extiterunt
1061 1657 1173 1738 qui
1219 1656 1552 1718 dissentire
1599 1673 1666 1717 se
1709 1654 1786 1716 ab
1832 1654 1942 1715 tali
1988 1654 2284 1735 opinione

70 1781 172 1843 per
211 1784 441 1827 manus
493 1764 678 1845 quasi
724 1762 955 1824 tradita
990 1760 1455 1843 profiterentur.
1550 1757 1852 1821 Omnium
1902 1777 2048 1820 vero
2095 1757 2284 1820 vehe-

74 1868 443 1932 mentissime
474 1868 548 1929 in
583 1865 946 1929 Ciceronem
994 1866 1230 1927 invecti
1262 1868 1430 1945 sunt,
1476 1864 1660 1926 cuius
1693 1881 1820 1924 non
1852 1862 2058 1924 solum
2080 1880 2285 1924 mores

74 1974 129 2032 et
168 1973 499 2054 ingenium
543 1971 612 2032 in
659 1969 1095 2032 acerbissimas
1135 1969 1632 2050 vituperationes
1662 1966 2070 2030 adduxerunt
2099 1967 2277 2048 igna-

76 2075 349 2158 viamque
395 2076 626 2156 animi,
674 2074 1172 2155 simulationem,
1227 2073 1463 2155 gloriae
1505 2073 1912 2154 cupiditatem
1957 2074 2278 2151 notarunt,

78 2179 175 2240 sed
223 2182 408 2243 etiam
466 2181 771 2243 eximiam
817 2179 1193 2260 scriptorum
1238 2177 1469 2240 famam
1513 2183 1575 2240 et
1621 2177 2055 2240 auctoritatem
2099 2195 2278 2257 prae-

81 2281 379 2365 clarasque
434 2285 734 2364 virtuteS,
794 2302 952 2363 quas
1013 2281 1221 2345 adhuc
1280 2283 1598 2363 suspicere
1644 2281 2027 2362 solebamus,
2074 2280 2277 2342 detra-

81 2388 229 2449 ctare
291 2392 353 2450 et
411 2387 796 2450 imminuere
851 2386 1252 2449 studuerunt.
1358 2383 1497 2460 Quo
1553 2387 1620 2446 in
1677 2404 1942 2448 numero
2003 2403 2131 2445 non
2174 2403 2280 2447 eos

81 2506 280 2553 censeo
326 2490 691 2555 referendos
748 2508 917 2570 esse,
966 2491 1077 2571 qui
1132 2489 1436 2573 gravibus
1491 2492 1881 2573 argumentis
1938 2490 2111 2551 ducti
2155 2489 2280 2551 elo-

85 2595 379 2671 quentiam
431 2594 943 2674 Ciceronianm,
1000 2612 1162 2674 quae
1212 2593 1414 2656 multa
1473 2595 1789 2657 contineat
1845 2593 2283 2656 declamatoria

84 2699 262 2779 magis
322 2719 519 2781 quam
564 2698 862 2778 oratoria,
918 2698 987 2759 in
1035 2717 1162 2778 qua
1226 2716 1411 2780 saepe
1452 2703 1970 2780 argumentorum
2015 2696 2281 2758 infirmi-

84 2803 168 2861 tas
226 2805 696 2885 eorundemque
759 2803 1023 2865 molesta
1091 2802 1379 2884 repetitio
1430 2801 1705 2864 offendat
1755 2802 2083 2882 lectorem,
2151 2819 2281 2862 non

87 2904 218 2965 satis
258 2906 549 2971 idoneam
589 2925 726 2970 esse
772 2910 1024 2988 putent,
1069 2906 1255 2969 cuius
1301 2906 1650 2968 imitatione
1696 2905 2064 2968 etiamnunc
2094 2923 2283 2967 sanae

88 3004 456 3089 eloquentiae
532 3011 789 3074 laudem
875 3028 1247 3091 sequamur:
1333 3029 1721 3091 quamquam
1804 3009 1914 3072 tali
1981 3009 2284 3092 Madvigii

87 3106 320 3191 (Opusc.
377 3116 574 3179 Acad.
632 3135 691 3197 p.
745 3113 899 3199 192)
958 3118 1021 3177 et
1076 3114 1210 3176 Ioh.
1269 3114 1458 3176 Bakii
1518 3113 1808 3197 (Scholic.
1856 3113 2282 3194 Hypomnem.

89 3210 211 3277 Vol.
247 3217 295 3279 I.
349 3239 413 3310 p.
467 3219 727 3302 1—33)
766 3219 1002 3281 iudicio
1048 3236 1132 3280 ex
1171 3218 1559 3281 nostratibus
1599 3218 2000 3299 potissimum
2043 3219 2284 3299 gravis-

89 3316 228 3380 sima
270 3323 549 3386 virorum
594 3323 954 3386 testimonia
997 3323 1228 3404 opponi
1272 3326 1598 3404 poterunt:
1646 3340 1753 3385 eos
1796 3322 2126 3405 intellegO,
2174 3324 2286 3403 qui

91 3420 265 3485 ullam
314 3428 380 3488 in
428 3427 749 3490 Ciceronis
804 3427 983 3489 libris
1026 3426 1261 3489 formae
1302 3427 1779 3508 praestantiam,
1830 3427 2032 3489 ullum
2076 3426 2285 3490 elocu-

92 3523 261 3589 tionis
304 3531 640 3594 artificium
700 3536 1016 3614 negarunt
1078 3549 1215 3593 esse
1289 3549 1491 3611 eoque
1554 3529 1950 3593 Ciceroniani
2008 3531 2286 3595 nominis

96 3628 467 3706 splendorem
511 3635 950 3697 obscurarunt.
1042 3634 1179 3697 Illis
1227 3635 1777 3697 criminationibus
1807 3654 1954 3696 cum
1994 3636 2287 3717 inprimis

96 3734 381 3799 orationes
449 3738 798 3821 despiciant
861 3739 930 3799 in
994 3739 1212 3819 iisque
1269 3739 1588 3802 tumidum
1642 3738 1896 3801 dicendi
1950 3757 2153 3819 genus
2209 3759 2287 3800 ac

100 3837 259 3912 quasi
326 3840 619 3906 diffluens
697 3847 880 3905 extra
945 3842 1145 3924 ripaS,
1225 3843 1458 3908 nimios
1522 3842 1925 3929 periodorum
1995 3842 2287 3924 ambitUS,

984 3959 1525 4067 163920
