2669 4354
906 242 1090 281 mmm
1109 233 1113 237 “
1132 230 1416 291 QVARTVS.
2141 227 2257 282 301

68 413 157 471 sed
210 431 286 472 ne
351 411 610 472 difficilia
668 419 952 487 optemus.
1047 416 1229 474 Heius
1291 421 1382 474 est
1439 417 1852 474 Mamertinus:
1914 416 2267 475 Mamertina

67 503 253 560 civitas
298 503 476 567 istum
522 502 755 575 publice
802 504 1089 561 communi
1134 504 1374 562 consilio
1409 506 1541 562 sola*
1569 503 1796 577 laudat3
1845 505 2106 562 omnibus
2150 506 2263 563 iste

68 591 264 648 ceteris
311 591 520 648 Siculis
565 590 697 648 odio
744 596 864 663 est,
926 592 998 650 ab
1042 592 1132 650 his
1183 592 1321 650 solis
1368 598 1622 665 amatur3
1691 593 1815 650 eius
1860 598 2055 651 autem
2105 592 2264 664 lega-

67 680 251 749 tionis,
314 694 466 750 quae
513 678 587 736 ad
631 680 805 736 istum
844 678 1195 738 laudandum
1240 681 1414 739 missa
1458 686 1574 753 est,
1629 681 1898 753 princeps
1947 685 2036 738 est
2080 681 2264 739 Heius

67 799 138 806 —
173 766 397 824 etenim
446 773 533 825 est
574 768 790 839 primus
834 768 1083 825 civitatis
1128 793 1238 826 —2
1277 785 1354 825 ne
1400 768 1577 841 forte,
1637 768 1769 826 dum
1815 768 2058 839 publicis
2104 784 2264 826 man-

68 855 196 912 datis
249 856 500 928 serviat,
554 854 627 914 de
665 856 908 928 privatis
952 855 1178 913 iniuriis
1220 857 1482 914 reticeat.
1574 857 1736 915 Haec
1781 872 1908 913 cum
1948 857 2155 914 scirem
2202 862 2264 914 et
2286 858 2362 913 16

67 944 404 1015 cogitarem,
474 943 729 1001 commisi
781 950 977 1002 tamen
996 937 1072 1024 1),
1144 944 1395 1016 iudiceS,
1463 944 1640 1018 Hei0,
1715 943 1958 1017 produxi
2013 943 2187 1018 [eum]
2210 939 2260 1022 2)

65 1032 237 1102 prima
282 1032 512 1088 actione
526 1026 548 1104 ,’
603 1046 792 1103 neque
842 1031 902 1089 id
947 1039 1143 1090 tamen
1199 1033 1315 1090 ullo
1361 1033 1620 1105 periculo
1666 1032 1795 1090 feci.
1862 1044 1865 1045 ’
1902 1031 2053 1102 Quid
2106 1033 2258 1089 enim

63 1124 279 1190 poterat
330 1118 513 1175 Heius
568 1119 952 1192 respondere,
1015 1120 1064 1177 si
1112 1127 1267 1177 esset
1316 1121 1635 1193 improbus,
1689 1120 1737 1176 si
1798 1121 1885 1177 sui
1931 1118 2259 1177 dissimilis?

66 1223 174 1264 esse
224 1208 330 1264 illa
380 1207 545 1278 signa
589 1206 743 1264 domi
784 1224 956 1280 suae,
1002 1224 1118 1265 non
1167 1223 1294 1266 esse
1340 1209 1491 1280 apud
1530 1209 1811 1266 Verrem?
1879 1208 1986 1278 Qui
2030 1214 2263 1280 poterat

65 1297 355 1367 quicquam
401 1295 526 1352 eius
585 1294 738 1352 modi
794 1295 1028 1353 dicere?
1131 1295 1209 1354 Ut
1252 1296 1422 1353 homo
1469 1295 1834 1368 turpissimus
1880 1301 2037 1353 esset
2079 1297 2263 1370 impu-

64 1383 506 1454 dentissimeque
546 1383 936 1456 mentiretur,
1018 1383 1129 1440 hoc
1174 1384 1424 1442 diceret:
1481 1384 1583 1440 illa
1637 1399 1701 1441 se
1759 1382 2029 1442 habuisse
2088 1400 2262 1442 vena-

64 1472 125 1527 lia
198 1487 390 1543 eaque
462 1487 617 1543 sese,
694 1471 893 1543 quanti
961 1471 1210 1528 voluerit
1227 1464 1304 1548 ³),
1407 1470 1752 1539 vendidisse.
1866 1472 2050 1530 Homo
2109 1471 2263 1529 domi

64 1575 181 1617 suae
245 1559 632 1616 nobilissimus
649 1604 664 1632 ,
731 1560 827 1630 qui
885 1574 983 1615 vos
1042 1559 1115 1616 de
1176 1559 1458 1632 religione
1513 1574 1618 1616 sua
1675 1574 1746 1616 ac
1798 1558 2080 1630 dignitate
2126 1575 2262 1617 vere

66 1648 385 1705 existimare
432 1647 679 1704 maxime
729 1648 934 1719 veHet,
990 1648 1174 1718 primo
1219 1647 1366 1704 dixit
1405 1664 1466 1705 se
1513 1649 1687 1703 istum
1731 1646 1962 1718 publice
2004 1646 2262 1720 laudare,

65 1736 195 1805 quod
256 1736 367 1793 sibi
421 1735 506 1792 ita
557 1733 891 1792 mandatum
952 1741 1139 1808 esset3
1198 1734 1409 1792 deinde
1470 1751 1660 1806 neque
1714 1750 1777 1792 se
1832 1735 1935 1792 illa
1991 1734 2261 1792 habuisse

63 1823 282 1880 venalia
337 1822 525 1895 neque
583 1822 702 1880 ulla
757 1822 1126 1896 condicione,
1187 1823 1234 1879 si
1294 1828 1484 1880 utrum
1532 1822 1711 1879 vellet
1759 1822 1992 1896 liceret,
2056 1821 2261 1879 adduci

63 1927 322 1984 umquam
362 1912 648 1983 potuisse,
712 1916 775 1967 ut
819 1910 1100 1969 venderet
1156 1911 1281 1983 illa,
1346 1927 1493 1983 quae
1535 1911 1596 1967 in
1639 1910 1893 1968 sacrario
1938 1910 2184 1967 fuissent
2228 1927 2264 1967 a

63 1999 362 2057 maioribus
403 1999 519 2056 suis
557 1998 765 2055 relicta
809 2003 867 2056 et
910 1998 1143 2056 tradita.

224 2086 378 2157 Quid
429 2086 632 2159 sedes,
694 2085 949 2145 Verres?
1004 2085 1141 2158 quid
1203 2091 1544 2159 exspectas?
1602 2083 1737 2158 quid
1798 2089 1857 2143 te
1913 2100 1949 2142 a
1996 2083 2262 2143 Centuri-
2283 2080 2327 2145 8

65 2175 183 2246 pina
237 2175 505 2248 civitate,
580 2190 616 2231 a
662 2172 984 2247 Catinensi,
1054 2175 1127 2232 ab
1189 2175 1559 2248 Halaesina‚·
1608 2171 2030 2248 Tyndaritana,
2107 2172 2265 2230 Hen-
2286 2175 2363 2231 17

67 2264 217 2320 nensi
235 2308 251 2337 ‚
349 2263 696 2335 Agyrinensi
762 2263 1086 2335 ceterisque
1157 2262 1390 2322 Siciliae
1462 2261 1789 2320 civitatibus
1862 2262 2262 2320 circumveniri

68 2357 225 2422 atque
287 2352 539 2424 opprimi
594 2350 781 2408 dicis?
855 2356 957 2408 tua
1015 2356 1073 2409 te
1135 2352 1324 2409 altera
1382 2351 1604 2424 patria,
1677 2367 1846 2421 quem
1904 2350 1977 2408 ad
2037 2349 2263 2407 modum

68 2437 248 2496 dicere
304 2438 563 2513 solebaS‚
615 2439 923 2512 Messana,
983 2439 1391 2497 circumvenit:
1454 2444 1580 2512 tua,
1650 2438 1915 2511 inquam,
1973 2437 2265 2511 Messana,

67 2532 278 2584 tuorum
337 2527 593 2585 adiutrix
647 2527 930 2584 scelerum
947 2572 962 2600 ,
1017 2526 1322 2584 libidinum
1348 2528 1542 2584 'testis
1559 2571 1574 2600 ‚
1617 2526 1963 2598 praedarum
2019 2542 2090 2583 ac
2149 2525 2267 2582 fur-

68 2619 242 2671 torum
305 2616 614 2687 receptrix.
732 2614 917 2672 Adest
989 2616 1144 2671 enim
1208 2615 1296 2670 vir
1363 2614 1742 2686 amplissimus
1809 2614 1933 2671 eius
1997 2613 2267 2686 civitatis,

65 2701 279 2775 legatus
339 2703 511 2760 huius
560 2702 762 2760 iudicii
823 2718 1000 2759 causa
1062 2702 1226 2760 domo
1280 2703 1515 2774 missus,
1588 2703 1858 2773 princeps
1917 2700 2266 2758 laudationis

66 2796 219 2863 tuae,
274 2791 375 2862 qui
422 2795 480 2849 te
527 2791 755 2862 publice
801 2789 999 2848 laudat
1055 2823 1124 2830 —
1172 2792 1255 2848 ita
1277 2790 1452 2847 'enim
1494 2787 1826 2846 mandatum
1868 2794 2041 2864 atque
2086 2789 2266 2860 impe-

63 2884 244 2935 ratum
290 2883 381 2936 est
428 2910 539 2951 -,
599 2878 830 2936 tametsi
874 2884 1109 2948 rogatus
1154 2877 1227 2935 de
1271 2876 1491 2950 cybaea
1551 2878 1766 2935 tenetis
1810 2876 2089 2934 memoria
2133 2875 2267 2947 quid

64 2965 447 3038 responderit:
511 2963 875 3024 aedificatam
934 2965 1179 3038 publicis
1241 2966 1466 3038 operiS‚
1531 2964 1760 3037 publice
1823 2965 2035 3022 coactis
2100 2965 2267 3035 eique

64 3052 454 3112 aedificandae
507 3054 738 3126 publice
792 3053 1206 3111 Mamertinum
1261 3059 1590 3112 senatorem
1649 3052 1988 3125 praefuisse.
2105 3051 2268 3108 Idem

65 3141 128 3197 ad
174 3159 278 3199 vos
325 3143 623 3215 privatim,
681 3141 936 3213 iudiceS,
995 3141 1278 3215 confugit3
1336 3142 1526 3198 utitur
1580 3141 1690 3197 hac
1734 3142 1898 3218 lege,
1962 3156 2077 3211 qua
2121 3139 2268 3196 iudi-

65 3230 209 3287 cium
259 3237 374 3304 est,
418 3230 703 3288 communi
749 3244 885 3286 arce
928 3230 1228 3287 sociorum.
1321 3229 1577 3287 Tametsi
1617 3229 1710 3285 lex
1757 3234 1845 3286 est
1890 3228 1961 3286 de
2007 3228 2268 3299 pecuniis

63 3317 418 3391 repetundis,
494 3318 592 3375 ille
658 3333 721 3375 se
786 3324 963 3390 negat
1025 3318 1329 3389 pecuniam
1390 3321 1692 3389 repetere,
1774 3332 1947 3388 quam
2006 3322 2268 3387 ereptam

64 3421 172 3462 non
229 3410 528 3477 tantopere
577 3404 875 3463 desiderat
889 3398 967 3483 4):
1039 3421 1207 3463 sacra
1266 3421 1328 3463 se
1374 3404 1654 3462 maiorum
1710 3421 1942 3462 suorum
1997 3406 2268 3475 repetere

64 3495 160 3550 abs
205 3500 270 3549 te
315 3493 479 3567 dicit,
541 3494 680 3550 deos
726 3499 969 3565 penates
1021 3500 1080 3551 te
1127 3493 1344 3565 patrios
1366 3486 1420 3570 ⁵)
1466 3492 1736 3565 reposcit.
1841 3491 2029 3563 Ecqui
2089 3490 2272 3563 pudor
2294 3494 2372 3551 18

201 3710 264 3773 1)
298 3724 375 3759 me
414 3709 577 3777 vulgo
617 3707 861 3761 additum
899 3711 1024 3775 post
1060 3712 1242 3760 tamen
1279 3710 1421 3761 recte
1446 3707 1638 3760 deest
1623 3724 1677 3760 in
1705 3714 1814 3771 opt.
1843 3706 1987 3760 codd.
2075 3707 2129 3774 2)
2155 3722 2273 3758 eum

63 3778 215 3833 deest
256 3776 312 3828 in
345 3777 517 3832 Guelf.
555 3781 610 3831 et
646 3779 843 3847 Regi03
883 3795 981 3831 om.
1021 3778 1201 3831 Halm.
1347 3780 1401 3844 3)
1437 3777 1697 3831 voluisset
1734 3776 1912 3830 Klotz.
2037 3778 2094 3843 4)
2134 3775 2270 3828 desi-

62 3847 207 3902 deret
248 3846 425 3902 Lehrs.
461 3849 606 3903 Mon.
647 3848 719 3902 bl.
760 3847 895 3903 1879
930 3865 982 3918 p.
1010 3848 1096 3902 44
1217 3849 1270 3915 5)
1310 3847 1435 3901 deos
1471 3848 1696 3915 Becki0,
1726 3853 1956 3914 penates
1992 3846 2271 3900 Schuetzio

1121 4061 1152 4087 Ο
