2669 4354
827 278 895 317 m
937 276 1124 318 MARG.
1169 277 1504 317 ANTONIVM.
2149 262 2272 320 371

76 450 280 508 ‘Patris
295 447 330 523 ’,
373 451 633 524 inquies,
681 449 822 508 ‘ista
868 450 1035 521 culpa
1079 444 1209 508 est’.
1301 449 1594 508 Concedo:
1643 450 1860 507 etenim
1907 453 1999 507 est
2041 450 2276 521 pietatis

74 539 231 610 plena
286 537 564 597 defensio,
687 538 839 596 Illud
905 543 1103 596 tamen
1157 537 1438 595 audaciae
1505 541 1667 605 tuae,
1739 537 1890 609 quod
1954 537 2155 596 sedisti
2209 538 2271 596 in

74 626 518 698 quattuordecim
563 625 877 699 ordinibus,
920 641 1050 683 cum
1096 630 1251 684 esset
1294 626 1427 697 lege
1457 625 1667 683 Roscia
1706 624 2109 684 decoctoribus
2153 641 2278 684 cer·

75 720 151 772 tus
198 714 356 772 locus
416 711 804 790 [constitutus]
829 706 907 793 ¹),
944 714 1229 786 quamvis
1279 715 1406 786 quis
1464 711 1733 770 fortunae
1777 713 1943 787 vitio,
2003 730 2120 771 non
2173 730 2275 771 suo

76 801 401 861 decoxisset.
516 802 820 874 Sumpsisti
890 802 1141 874 virilem,
1204 817 1374 873 quam
1433 801 1628 859 statim
1685 802 2031 860 muliebrem
2081 806 2277 873 togam

75 890 376 948 reddidisti.
466 888 660 948 Primo
698 891 933 963 volgare
978 893 1257 948 scortum:
1323 894 1488 947 certa
1530 889 1735 963 flagitii
1779 905 2004 947 merces
2049 905 2158 946 nec
2205 905 2277 947 ea

74 995 263 1051 parva:
319 976 425 1035 sed
474 978 591 1036 cito
640 976 813 1036 Curio
868 977 1215 1050 intervenit,
1270 978 1369 1048 qui
1429 982 1486 1034 te
1549 993 1586 1035 a
1640 977 1972 1036 meretricio
2029 981 2276 1049 quaestu

75 1066 297 1125 abduxit
337 1071 434 1140 et,
493 1069 790 1138 tamquam
834 1066 1042 1123 stolam
1083 1064 1368 1139 dedisset,
1424 1065 1487 1122 in
1535 1065 1900 1123 matrimonio
1958 1065 2154 1123 stabili
2216 1069 2277 1123 et

75 1160 220 1213 certo
281 1153 619 1212 conlocavit.
724 1153 909 1213 Nemo
961 1169 1239 1225 umquam
1297 1170 1444 1225 puer
1502 1158 1728 1226 emptus
1788 1152 2043 1211 libidinis
2104 1168 2277 1210 causa
2297 1164 2378 1221 45

74 1248 175 1300 tam
219 1241 331 1300 fuit
375 1242 438 1299 in
482 1241 697 1300 domini
741 1246 1030 1315 potestate
1074 1256 1245 1314 qnam
1292 1247 1357 1299 tu
1399 1241 1462 1297 in
1507 1240 1787 1299 Curionis,
1895 1241 2173 1311 Quotiens
2217 1247 2277 1298 te

71 1336 228 1402 pater
273 1330 398 1388 eius
440 1330 616 1388 domu
635 1324 688 1411 ²)
715 1346 824 1389 sua
865 1330 1063 1388 eiecit!
1108 1329 1374 1402 quotiens
1407 1329 1674 1387 custodes
1716 1329 1935 1402 posuit,
1981 1345 2056 1386 ne
2101 1330 2277 1386 limen

72 1418 334 1477 intrares!
388 1434 518 1476 cum
559 1424 624 1476 tu
671 1424 870 1477 tamen
922 1422 1092 1476 nocte
1139 1417 1323 1491 socia,
1381 1417 1649 1474 hortante
1697 1416 1938 1475 libidine
1956 1460 1971 1490 ,
2032 1421 2274 1490 cogente

70 1506 328 1565 mercede
388 1523 497 1579 per
551 1507 782 1580 tegulas
838 1505 1216 1565 demitterere
1234 1498 1303 1583 ³).
1411 1504 1573 1576 Quae
1634 1502 1857 1576 flagitia
1917 1505 2120 1563 domus
2175 1505 2278 1562 illa

71 1593 273 1653 diutius
317 1592 474 1653 ferre
533 1611 650 1653 non
708 1595 915 1668 potuit.
1013 1593 1214 1652 Scisne
1269 1609 1361 1650 me
1419 1591 1492 1650 de
1541 1593 1714 1650 rebus
1770 1592 1910 1649 mihi
1968 1592 2278 1650 notissimis

71 1681 302 1741 dicere?
415 1681 745 1741 Recordare
808 1687 1037 1754 tempus
1097 1681 1271 1753 illud,
1352 1696 1479 1737 cum
1541 1685 1713 1753 pater
1774 1678 1948 1737 Curio
2008 1694 2278 1737 maerens

70 1771 290 1829 iacebat
332 1771 398 1828 in
440 1772 624 1844 lect0,
671 1769 821 1828 filius
866 1787 928 1828 se
977 1770 1051 1828 ad
1093 1768 1273 1841 pedes
1317 1783 1478 1826 meos
1521 1772 1924 1840 prosternens,
1968 1768 2278 1825 lacrimans

71 1864 121 1916 te
164 1856 306 1916 mihi
354 1858 819 1931 commendabat,
879 1857 1113 1930 orabat,
1171 1860 1236 1914 ut
1279 1874 1342 1915 se
1364 1850 1417 1934 ⁴)
1464 1860 1664 1914 contra
1702 1872 1866 1913 suum
1909 1859 2164 1929 patrem,
2229 1857 2277 1913 si

71 1947 397 2005 sestertium
454 1947 760 2018 sexagiens
813 1950 1075 2018 peteret,
1135 1943 1543 2003 defenderem:
1598 1948 1821 2001 tantum
1869 1944 2021 2001 enim
2064 1959 2126 2000 se
2171 1961 2278 2017 pro

70 2039 123 2091 te
164 2036 566 2093 intercessisse
624 2033 877 2093 dicebat:
936 2034 1062 2107 ipsc
1125 2037 1322 2091 autem
1385 2047 1579 2090 amore
1637 2030 1847 2090 ardens
1887 2029 2279 2104 confirmabat,

70 2122 208 2195 quod
263 2122 616 2181 desiderium
677 2123 763 2181 tui
823 2121 1051 2181 discidii
1109 2120 1265 2180 ferre
1310 2137 1427 2179 non
1490 2126 1715 2195 posset,
1783 2135 1847 2176 se
1891 2120 1952 2176 in
2017 2119 2281 2179 exsilium

0 2227 2 2274 ι
70 2212 290 2270 iturum.
383 2211 505 2283 Quo
565 2217 823 2284 tempore
883 2227 991 2282 ego
1045 2215 1259 2283 quanta
1315 2211 1471 2267 mala
1528 2207 1969 2267 florentissimae
2022 2206 2278 2266 familiae
2299 2220 2380 2276 46

70 2300 259 2358 sedavi
303 2300 397 2357 vel
449 2301 635 2371 potius
681 2299 913 2357 sustuli!
1020 2298 1181 2355 Patri
1235 2298 1526 2371 persuasi,
1588 2302 1653 2354 ut
1707 2313 1807 2355 aes
1863 2298 2118 2355 alienum
2174 2294 2280 2353 filii

0 2415 2 2454 5
70 2387 437 2461 dissolveret,
483 2387 801 2445 redimeret
834 2386 1267 2445 adulescentem
1312 2401 1535 2443 summa
1567 2402 1667 2458 spe
1700 2390 1762 2443 et
1805 2385 1982 2443 animi
2015 2390 2074 2443 et
2117 2385 2280 2457 inge·

66 2476 143 2532 nii
182 2475 516 2549 praeditum
560 2476 650 2533 rei
705 2473 1009 2532 familiaris
1065 2474 1438 2531 facultatibus
1484 2489 1731 2545 eumque
1788 2487 1905 2530 non
1957 2472 2124 2531 modo
2175 2478 2280 2531 tua

64 2561 456 2622 familiaritate
474 2558 555 2642 ⁵),
620 2563 722 2621 sed
779 2563 956 2621 etiam
1002 2563 1407 2633 congressione
1449 2562 1639 2635 patrio
1691 2562 1831 2639 iure·
1876 2564 1936 2619 et
1986 2565 2279 2634 potestate

63 2651 413 2722 prohiberet.
503 2651 667 2709 Haec
711 2656 775 2708 tu
839 2668 964 2708 cum
1011 2655 1119 2723 per
1177 2666 1270 2707 me
1339 2654 1472 2707 acta
1525 2650 1918 2721 meminisseS,
1994 2649 2106 2705 nisi
2145 2648 2279 2722 illis,

63 2756 201 2810 quos
244 2738 531 2812 videmuS,
578 2731 793 2810 gladiis
832 2736 1184 2811 confidereS,
1243 2736 1566 2795 maledictis
1612 2754 1703 2795 me
1747 2752 2063 2810 provocare
2108 2751 2278 2794 ausus

66 2830 257 2886 esses?
365 2826 480 2885 Sed
540 2828 656 2885 iam
718 2833 915 2898 stupra
974 2831 1034 2893 et
1083 2824 1306 2899 flagitia
1360 2828 1716 2884 omittamus:
1789 2829 1925 2881 sunt
1978 2823 2280 2898 quaedam,
2299 2826 2384 2893 19

62 2932 211 2986 quae
261 2915 505 2973 honeste
566 2930 682 2972 non
727 2929 960 2987 possum
1005 2914 1233 2988 dicere,
1301 2919 1365 2971 tu
1413 2919 1609 2972 autem
1669 2930 1740 2971 eo
1784 2912 2050 2986 liberior,
2126 2911 2279 2984 quod
2299 2922 2380 2979 47

63 3019 133 3060 ea
175 3005 240 3061 in
292 3008 353 3061 te
400 3002 710 3075 admisisti,
767 3019 918 3075 quae
970 3018 1006 3059 a
1051 3001 1383 3061 verecundo
1424 3002 1659 3059 inimico
1717 2999 1917 3058 audire
1978 3016 2094 3057 non
2150 3016 2280 3071 pos·

58 3106 168 3149 seS.
264 3090 380 3149 Sed
426 3091 716 3163 reliquum
762 3092 916 3148 vitae
962 3107 1194 3148 cursum
1238 3089 1433 3148 videte
1455 3134 1470 3163 ,
1517 3106 1685 3162 quem
1731 3087 1960 3161 quidem
2005 3087 2283 3145 celeriter

56 3181 484 3253 perstringam3
536 3179 616 3236 ad
662 3179 810 3237 haec
868 3178 1048 3252 enim,
1113 3194 1261 3251 quae
1326 3179 1389 3236 in
1449 3178 1604 3235 civili
1660 3177 1844 3250 bello,
1898 3176 1959 3234 in
2020 3176 2282 3234 maximis

54 3268 147 3323 rei
182 3266 459 3340 publicae
506 3267 753 3325 miseriis
812 3265 984 3340 fecit,
1042 3270 1104 3323 et
1146 3266 1222 3324 ad
1270 3281 1370 3340 ea,
1430 3281 1576 3338 quae
1622 3264 1831 3324 cotidie
1894 3262 2064 3338 facit,
2120 3263 2282 3322 festi-

53 3360 162 3411 nat
223 3356 468 3414 animuS.
572 3354 734 3425 Quae
789 3359 955 3428 pet0,
1022 3360 1121 3429 ut,
1190 3370 1538 3426 quamquam
1597 3355 1778 3411 multo
1835 3353 2061 3411 notiora
2122 3350 2284 3409 vobis

53 3459 231 3515 quam
294 3444 437 3501 mihi
496 3448 655 3517 sunt,
714 3448 908 3501 tamen
931 3487 946 3517 ,
1020 3447 1087 3499 ut
1146 3441 1368 3517 facitis,
1442 3446 1666 3500 attente
1725 3441 1990 3499 audiatis,
2092 3440 2288 3497 Debet

211 3681 266 3747 1)
320 3677 649 3732 constitutus
697 3678 753 3731 in
800 3677 922 3730 Vat.
976 3677 1090 3730 cod.
1141 3692 1175 3729 a
1216 3674 1511 3729 recentiore
1567 3674 1783 3728 demum
1833 3691 1998 3727 manu
2041 3672 2286 3727 additum

52 3765 164 3802 om.
203 3750 400 3816 Halm,
438 3743 668 3815 Kayser,
716 3747 1011 3802 Eberhard.
1193 3747 1246 3814 2)
1285 3746 1465 3813 Vulgo
1514 3745 1686 3799 domo.
1866 3746 1919 3813 3)
1958 3744 2288 3798 demitterere

47 3820 329 3884 Faemus3
380 3819 534 3874 codd.
582 3818 923 3872 dimittor-ere.
1075 3818 1132 3885 4)
1180 3833 1234 3869 se
1267 3817 1440 3870 Vatic.
1487 3819 1541 3869 et
1577 3814 1706 3869 edit.
1747 3818 1975 3881 recent.,
2022 3814 2185 3881 vulgo
2225 3831 2287 3866 ex

49 3893 189 3944 cett.
232 3890 386 3945 codd.
427 3894 491 3943 te.
635 3891 690 3955 5)
724 3889 903 3956 Vulgo
945 3904 1008 3941 ex
1043 3887 1179 3943 dett.
1215 3887 1367 3941 codd.
1409 3904 1446 3940 a
1481 3892 1584 3940 twa
1613 3901 1727 3938 ‘non
1760 3884 1919 3939 modo
1950 3888 1994 3951 f.
