2669 4354
402 244 524 303 108
1339 262 1559 304 oRA'no
1593 264 1672 304 Π.

397 434 731 509 postulabat
747 429 824 514 ¹),
906 437 1256 494 sententiam
1316 428 1613 508 tamquam
1669 436 1930 496 obsidem
2000 442 2322 510 perpetuae
2375 439 2440 495 in
2501 456 2618 497 rem

396 523 690 597 publicam
741 524 1066 581 voluntatis,
1156 525 1525 582 Intellectum
1571 530 1663 584 est
1678 570 1693 599 ,
1740 525 1879 598 quid
1922 525 2236 584 interesset
2277 527 2436 584 inter
2484 527 2619 585 levi-

397 616 581 669 tatem
624 611 1084 669 contionatorum
1138 618 1200 670 et
1251 612 1503 669 animum
1555 629 1694 671 vere
1749 614 2087 686 popularem
2102 659 2117 687 ,
2189 614 2362 672 saluti
2422 617 2616 688 populi

300 699 380 756 10
399 700 811 758 consulentem.
915 699 1101 758 Video
1158 699 1230 758 de
1291 701 1447 773 istis,
1506 701 1602 772 qui
1659 717 1722 759 se
1768 703 2080 775 populares
2137 701 2343 759 haberi
2402 704 2614 776 volunt,

301 774 311 791 ⁸
398 786 606 845 abesse
645 803 762 845 non
805 789 1124 861 neminem,
1182 805 1258 846 ne
1307 787 1381 846 de
1425 789 1617 860 capite
1657 789 1929 847 videlicet
1975 789 2187 846 civium
2229 789 2614 849 Romanorum

398 875 749 933 sententiam
814 872 983 934 ferat.
1073 876 1131 932 Is
1154 868 1206 956 2)
1276 880 1337 933 et
1400 876 1606 933 nudius
1672 879 1881 935 tertius
1944 877 2006 934 in
2071 877 2395 936 custodiam
2467 880 2614 937 cives

397 962 688 1020 Romanos
763 963 924 1022 dedit
1010 967 1071 1021 et
1139 964 1618 1036 supplicationem
1708 965 1851 1022 mihi
1926 963 2185 1023 decrevit
2261 970 2324 1023 et
2396 967 2614 1026 indices

398 1050 673 1108 hesterno
719 1050 814 1107 die
860 1053 1122 1108 maximis
1157 1052 1441 1123 *praemiis
1487 1050 1718 1110 adfecit.
1789 1054 1911 1110 Iam
1958 1053 2069 1110 hoc
2113 1054 2334 1111 nemini
2382 1055 2613 1114 dubium

401 1142 519 1211 est,
585 1139 684 1210 qui
732 1155 836 1196 reo
891 1139 1242 1212 custodiam,
1308 1141 1627 1211 quaesitori
1677 1141 2153 1215 gratulationem,
2218 1142 2402 1200 indici
2451 1160 2614 1215 prae-

398 1227 576 1283 mium
619 1225 875 1284 decrerit
892 1220 971 1305 3),
1033 1226 1169 1299 quid
1213 1226 1286 1284 de
1333 1232 1457 1284 tota
1501 1244 1565 1284 re
1615 1232 1675 1285 et
1720 1244 1893 1286 causa
1950 1228 2235 1288 iudicarit.
2345 1231 2428 1288 At
2487 1248 2612 1290 vero
2660 1254 2662 1289 J

401 1311 466 1372 C.
509 1311 727 1371 Caesar
765 1314 1055 1387 intellegit
1105 1314 1294 1387 legem
1340 1315 1735 1387 Semproniam
1784 1332 1912 1375 esse
1959 1316 2031 1375 de
2077 1317 2300 1375 civibus
2342 1317 2611 1378 Romanis
2661 1375 2662 1378 ,

400 1400 802 1459 constitutam:
850 1403 952 1474 qui
995 1408 1193 1460 autem
1235 1403 1325 1460 rei
1366 1403 1634 1474 publicae
1678 1405 1755 1461 sit
1796 1404 2004 1479 hostis,
2052 1422 2183 1463 eum
2230 1406 2416 1464 civem
2461 1409 2611 1465 nullo
2661 1432 2662 1451 2

399 1489 570 1547 modo
641 1505 770 1548 esse
837 1507 1032 1564 posse3
1112 1488 1362 1569 denique
1437 1491 1625 1562 ipsum
1701 1493 1944 1550 latorem
2018 1492 2402 1566 Semproniae
2472 1496 2656 1568 legis¹

398 1577 621 1634 iniussu
637 1571 693 1657 4)
752 1579 947 1651 populi
1003 1593 1222 1651 poenas
1262 1579 1350 1636 rei
1405 1579 1675 1650 publicae
1719 1579 2083 1653 dependisse.
2186 1581 2349 1639 Idem
2400 1575 2607 1664 [ipsum
2661 1610 2662 1613 ¹

397 1663 739 1740 Lentulum}
760 1659 813 1746 ὅ)
874 1667 1210 1738 largitorem
1257 1671 1316 1724 et
1372 1666 1673 1739 prodigum
1734 1684 1850 1725 non
1903 1674 2100 1742 putat,
2166 1686 2296 1727 cum
2353 1670 2427 1728 de
2485 1688 2606 1744 per-

397 1753 551 1810 nicie
606 1753 806 1825 populi
848 1753 1120 1825 Romani,
1179 1755 1357 1812 exitio
1402 1754 1574 1812 huius
1628 1756 1786 1814 urbis
1839 1761 1958 1813 tam
2010 1756 2218 1816 acerbe
2236 1802 2251 1830 ,
2311 1763 2435 1816 tam
2492 1773 2606 1817 cru-

398 1840 612 1899 deliter
671 1841 970 1916 cogitarit,
1046 1842 1223 1899 etiam
1249 1835 1301 1920 6)
1363 1842 1646 1914 appellari
1713 1859 1882 1914 posse
1936 1845 2291 1917 popularem.
2408 1847 2605 1920 Itaque

398 1928 566 1986 homo
641 1929 971 1987 mitissimus
1040 1935 1216 2001 atque
1295 1930 1624 1988 lenissimus
1690 1948 1806 1989 non
1882 1931 2106 1990 dubitat
2176 1933 2239 1990 P.
2305 1933 2605 1992 Lentulum
2661 1992 2662 1995 ,

400 2016 655 2074 aeternis
720 2016 976 2075 tenebris
1029 2018 1388 2089 vinculisque
1456 2017 1732 2077 mandare
1793 2025 1855 2076 et
1926 2021 2112 2078 sancit
2175 2022 2238 2078 in
2300 2026 2602 2095 posterum,

398 2120 474 2162 ne
543 2104 670 2175 quis
726 2104 895 2161 huius
963 2106 1239 2177 supplicio
1306 2106 1551 2164 levando
1616 2123 1679 2164 se
1746 2108 1969 2165 iactare
2036 2112 2096 2166 et
2163 2110 2223 2165 in
2295 2111 2602 2182 perniciem

400 2192 603 2265 populi
659 2192 902 2264 Romani
967 2194 1208 2267 posthac
1272 2195 1567 2266 popularis
1634 2212 1760 2253 esse
1826 2196 2033 2269 possit3
2108 2198 2375 2271 adiungit
2440 2200 2600 2257 etiam
2661 2247 2662 2250 ,

399 2279 849 2352 publicationem
906 2282 1184 2339 bonorum
1202 2286 1241 2354 ,‘
1275 2287 1340 2339 ut
1398 2298 1597 2340 omnes
1658 2283 1834 2341 animi
1891 2285 2178 2343 cruciatus
2238 2291 2300 2344 et
2358 2288 2600 2359 corporis

403 2367 578 2424 etiam
624 2373 853 2441 egestas
899 2385 967 2426 ac
1011 2370 1355 2428 mendicitas
1401 2376 1805 2442 consequatur.

339 2446 382 2511 6
578 2454 760 2525 Quam
799 2455 872 2513 ob
918 2473 1042 2514 rem
1093 2458 1211 2515 sive
1259 2458 1366 2515 hoc
1419 2459 1774 2532 statueritiS‚
1829 2458 2109 2517 dederitis
2154 2460 2294 2517 mihi
2346 2462 2599 2519 comitem

301 2542 378 2597 11
403 2541 476 2598 ad
530 2544 851 2599 contionem
909 2544 1118 2616 populo
1176 2558 1370 2602 carum
1432 2552 1605 2618 atque
1660 2546 2008 2619 iucundum3
2051 2548 2188 2612 ,sive
2249 2546 2432 2606 Silani
2483 2566 2598 2607 sen·
2651 2589 2662 2622 3,

398 2630 645 2687 tentiam
713 2631 899 2703 sequi¹
942 2632 1292 2723 malueritiS,
1353 2631 1527 2691 facile
1599 2650 1692 2691 me
1770 2640 1941 2706 atque
2011 2651 2111 2692 vos
2132 2627 2182 2712 ⁷)
2254 2636 2596 2694 crudelitatis
2651 2643 2652 2662 ³

397 2715 821 2789 vituperatione
874 2721 1092 2792 populo
1136 2720 1396 2778 Romano
1453 2722 1792 2779 exsolverim
1817 2717 1871 2800 8)
1931 2728 2104 2794 atque
2164 2723 2438 2783 obtinebo
2484 2740 2595 2784 eam

395 2805 575 2863 multo
645 2805 926 2865 leniorem
993 2807 1186 2865 fuisse.
1308 2808 1692 2882 Quamquam,
1771 2815 1969 2882 patres
2037 2813 2376 2885 conscripti,
2464 2827 2594 2885 quae

394 2897 590 2966 potest
650 2909 780 2952 esse
835 2895 897 2951 in
958 2897 1106 2954 tanti
1165 2897 1404 2954 sceleris
1472 2898 1832 2956 immanitate
1902 2899 2195 2970 punienda
2262 2901 2594 2972 crudelitas?

392 2979 520 3054 Ego
566 2982 723 3039 enim
766 2982 838 3039 de
881 2998 1011 3040 meo
1057 2999 1230 3041 sensu
1274 2984 1483 3042 iudico.
1568 2986 1714 3043 Nam
1761 2986 1846 3043 ita
1887 2987 2027 3044 mihi
2072 2989 2233 3045 salva
2269 3006 2336 3046 re
2382 2988 2591 3062 publica
2651 3021 2662 3068 3

391 3068 688 3127 vobiscum
743 3067 963 3141 perfrui
1015 3072 1223 3144 liceat,
1292 3077 1357 3128 ut
1404 3089 1544 3145 ego,
1609 3073 1759 3145 quod
1801 3075 1863 3130 in
1908 3074 2019 3132 hac
2063 3090 2240 3132 causa
2301 3077 2591 3135 vehemen-

392 3158 506 3214 tior
550 3173 704 3226 sum,
776 3174 892 3215 non
950 3159 1258 3216 atrocitate
1317 3160 1493 3216 animi
1553 3177 1810 3234 moveor,
1870 3194 1950 3204 -—-
2007 3164 2135 3234 quis
2182 3170 2273 3222 est
2318 3166 2469 3222 enim
2510 3179 2586 3220 me

536 3425 588 3491 1)
625 3424 868 3489 postulat
905 3423 1055 3477 codd.
1096 3425 1313 3492 quidam
1352 3429 1461 3493 opt.
1499 3429 1688 3490 notae3
1740 3426 1971 3481 fortasse
2008 3430 2167 3481 recte.
2313 3430 2367 3496 2)
2404 3430 2586 3496 Kayser

393 3498 454 3546 at
487 3493 553 3546 13.
698 3494 750 3559 3)
790 3493 1017 3547 decrevit
1048 3495 1198 3548 codd.
1236 3495 1498 3565 plerique.
1629 3497 1686 3565 4)
1722 3496 1944 3550 1111113311
1979 3498 2117 3551 coni.
2157 3498 2413 3565 Bucher.;
2452 3494 2582 3552 codd.

392 3563 566 3618 1113311.
745 3565 798 3632 5)
835 3580 955 3617 une.
995 3581 1109 3633 pos.
1146 3566 1469 3629 Mommsen;
1516 3566 1698 3634 ipsum
1736 3567 1895 3620 illum
1931 3568 2224 3622 Eberhard.
2402 3571 2453 3636 6)
2489 3568 2583 3620 iam

394 3634 461 3687 de
499 3633 765 3700 Madvigii
801 3636 938 3690 coni.
979 3635 1273 3688 Eberhard.
1454 3637 1507 3703 7)
1546 3642 1707 3704 atque
1740 3653 1834 3691 vos
1873 3639 1995 3692 incl.
2036 3640 2263 3705 Kayser.
2426 3640 2477 3704 8)
2510 3636 2583 3691 Sic

391 3704 671 3757 Eberhard
709 3704 774 3757 de
812 3706 1016 3758 Halmii
1056 3708 1110 3758 et
1145 3706 1378 3773 Kayseri
1413 3707 1577 3769 coni.,
1621 3724 1845 3775 quorum
1881 3709 1975 3763 ille
2016 3710 2317 3774 eoesolwm,
2356 3711 2441 3763 hic
2454 3704 2577 3784 1213.

392 3776 650 3828 omittens
697 3773 1027 3828 eat-solveritis
1071 3775 1301 3829 scribere
1336 3778 1487 3840 vult;
1535 3777 1686 3832 codd.
1711 3794 1771 3845 p.
1809 3779 1879 3833 R.
1917 3780 2173 3833 exobvetis
2208 3782 2297 3834 vel
2333 3777 2579 3833 exsolvitis

392 3846 476 3899 vel
510 3844 848 3913 defendeti33
885 3845 1131 3913 Madvig,
1170 3847 1334 3901 Halm
1366 3847 1448 3901 ed.
1473 3847 1695 3903 Weidm.
1720 3850 1968 3918 populus
2004 3849 2295 3907 Romanus
2331 3850 2554 3907 exsolvet.
2661 3837 2662 3854 ¹
