2669 4354
443 232 612 324 34-8*
1438 248 1656 290 onA'rIo

445 422 683 480 arduam
727 428 830 480 aut
883 423 1115 496 plenam
1160 437 1289 480 esse
1344 422 1733 494 periculorum
1795 427 1898 480 aut
1920 416 1972 501 ¹)
2036 422 2374 481 insidiarum
2431 440 2631 497 negem,

444 511 719 568 mentiar:
772 512 1121 583 praesertim
1167 526 1298 567 cum
1342 509 1405 567 id
1445 526 1564 568 non
1608 511 1781 569 modo
1824 511 2216 569 intellexerim
2261 526 2510 585 semper,
2548 511 2632 570 sed

446 599 622 656 etiam
662 603 901 671 praeter
940 603 1167 656 ceteros
1215 599 1513 655 senserim.

336 682 426 750 47
613 685 934 744 Maioribus
977 683 1285 758 praesidiis
1332 692 1395 743 01
1438 685 1617 758 copiis
1651 691 2015 759 oppugnatur
2044 702 2141 745 res
2172 687 2410 759 publica
2427 731 2442 759 ,
2485 703 2632 759 quam

443 772 804 847 defenditur,
869 779 1186 846 propterea
1241 771 1396 845 quod
1460 772 1712 831 audaces
1786 773 2048 832 homines
2111 780 2170 831 01
2236 775 2453 846 perditi
2514 781 2632 831 nutu

441 862 818 934 impelluntur
862 866 923 920 et
965 862 1072 934 ipsi
1122 861 1299 919 etiam
1346 865 1550 933 sponte
1597 877 1701 918 sua
1744 866 1947 919 contra
1992 878 2118 919 rem
2179 861 2474 935 publicam
2515 863 2633 920 inci-

441 954 672 1022 tantur:
719 950 856 1008 boni
901 950 1096 1008 nescio
1136 964 1248 1021 quo
1294 947 1465 1006 modo
1510 948 1796 1007 tardiores
1839 955 1975 1007 sunt
2018 954 2081 1007 et
2118 950 2425 1024 principiis
2468 968 2634 1008 rerum

440 1038 725 1108 neglectis
779 1038 854 1095 ad
899 1042 1221 1096 extremum
1274 1036 1401 1108 ipsa
1446 1035 1698 1109 denique
1759 1037 2113 1096 necessitate
2160 1038 2517 1111 excitantur,
2570 1042 2634 1096 ita

440 1130 504 1182 ut
544 1141 664 1183 non
715 1140 1029 1197 numquam
1078 1124 1449 1183 cunctatione
1509 1140 1583 1181 ac
1636 1123 1915 1183 tarditate
1934 1169 1950 1197 ,
2021 1125 2159 1183 dum
2221 1126 2405 1184 otium
2469 1128 2656 1198 volunt}

296 1217 418 1275 101
442 1213 620 1270 etiam
680 1214 804 1272 sine
866 1212 1148 1284 dignitate
1205 1212 1464 1271 retinere
1482 1255 1498 1285 ,
1574 1212 1686 1284 ipsi
1747 1217 2055 1285 utrumque
2110 1214 2405 1296 amittant.
2522 1215 2635 1271 Pro-

440 1306 789 1372 pugnatores
835 1306 1031 1358 autem
1084 1300 1173 1358 rei
1220 1298 1489 1372 publicae
1554 1300 1652 1371 qui
1716 1316 1843 1358 esse
1901 1301 2211 1359 voluerunt
2225 1346 2242 1374 ,
2305 1302 2358 1359 si
2421 1303 2656 1374 leviores}

438 1392 605 1461 sunt,
649 1388 1008 1461 desciscunt,
1055 1388 1103 1445 si
1150 1387 1503 1459 timidiores,
1550 1386 1787 1446 desunt:
1836 1395 2181 1460 permanent
2226 1388 2315 1446 illi
2349 1391 2460 1448 soli
2489 1383 2656 1462 atque}

439 1476 633 1534 omnia
675 1477 765 1534 rei
811 1475 1078 1548 publicae
1117 1490 1294 1533 causa
1337 1473 1644 1547 perferunt
1658 1495 1696 1548 ‚ss
1718 1475 1818 1547 qui
1862 1481 1996 1533 sunt
2040 1477 2214 1550 taleS,
2263 1478 2462 1549 qualis
2494 1483 2656 1550 pater}

434 1569 593 1637 tuuS,
639 1563 720 1624 M.
768 1564 1016 1636 Scaure,
1077 1561 1216 1636 fuit,
1275 1562 1377 1634 qui
1431 1576 1468 1618 a
1518 1560 1578 1618 C.
1620 1561 1887 1624 Graccho
1942 1580 2125 1635 usque
2188 1564 2263 1622 ad
2310 1565 2380 1637 Ω.
2427 1565 2631 1623 Varium

437 1651 727 1710 seditiosis
771 1652 1033 1710 omnibus
1076 1650 1311 1723 restitit,
1358 1665 1527 1722 quem
1571 1666 1881 1722 numquam
1927 1650 2045 1709 ulla
2090 1652 2193 1725 viS,
2236 1653 2404 1711 ullae
2451 1655 2656 1730 minae„

437 1739 558 1796 ulla
602 1739 821 1797 invidia
876 1737 1176 1798 labefecit:
1255 1743 1358 1795 aut
1413 1737 1598 1809 qualis
1660 1737 1726 1808 Q.
1772 1737 2078 1812 Metellae,
2155 1744 2411 1811 patruus
2465 1733 2656 1799 matris*

436 1831 572 1885 tuae
587 1871 603 1900 ,
651 1829 747 1900 (1111
766 1872 782 1901 ,
829 1844 959 1885 011111
989 1825 1290 1884 florentem
1324 1824 1611 1883 hominem
1658 1825 1720 1883 in
1762 1827 2031 1898 populari
2063 1827 2327 1902 ratione,
2377 1828 2447 1886 L.
2468 1830 2634 1888 Satur·

435 1915 659 1989 ninum,
721 1931 930 1974 censor
973 1919 1232 1973 notasset
1275 1929 1519 1985 cumque
1574 1912 1867 1994 insitivum
1916 1912 2240 1972 Gracchum
2289 1924 2499 1976 contra
2539 1918 2628 1974 vim

432 2002 817 2060 multitudinis
875 2002 1152 2060 incitatae
1199 2017 1378 2060 censu
1420 2000 1813 2073 prohibuisset
1858 2017 2100 2074 cumque
2142 2004 2205 2059 in
2248 2018 2392 2062 eam
2449 2006 2656 2079 legem*

434 2105 605 2161 quam
662 2106 779 2148 non
831 2091 960 2148 iure
1013 2094 1277 2162 rogatam
1328 2088 1650 2162 iudicarat,
1718 2088 1917 2147 iurare
1984 2091 2134 2160 unus
2193 2092 2514 2167 noluisset,
2575 2092 2656 2156 de}

432 2177 670 2238 civitate
726 2179 930 2237 maluit
990 2194 1159 2251 quam
1225 2176 1296 2235 de
1358 2177 1652 2235 sententia
1712 2175 2037 2237 demoveri:
2112 2183 2242 2252 aut,
2327 2187 2398 2239 111
2459 2173 2656 2240 vetera}

429 2267 718 2340 exempla,
783 2283 1025 2339 quorum
1089 2270 1182 2323 est
1225 2265 1392 2337 copia
1443 2264 1619 2338 digna
1682 2265 1852 2323 huius
1912 2266 2146 2338 imperii
2206 2268 2438 2343 gloria,
2484 2269 2656 2347 rehu-3

427 2369 598 2425 quam
643 2370 790 2412 neve
837 2370 1035 2412 eorum
1081 2354 1361 2426 aliquem,
1422 2353 1522 2424 qui
1567 2353 1792 2425 vivunt,
1855 2355 2179 2427 nominem,
2232 2358 2432 2428 qualis
2475 2372 2656 2433 nuper

428 2440 492 2511 Ω.
537 2439 774 2500 Catulus
819 2441 960 2513 fuit,
1016 2458 1186 2514 quem
1241 2455 1432 2512 neque
1483 2441 1725 2513 periculi
1784 2447 2103 2515 tempestas
2156 2459 2360 2516 neque
2425 2443 2627 2503 honoris

426 2543 574 2587 aura
608 2531 799 2602 potuit
840 2545 1109 2601 umquam
1155 2529 1228 2586 de
1266 2543 1370 2586 suo
1418 2544 1589 2586 cursu
1636 2532 1735 2586 aut
1781 2545 1884 2601 spe
1926 2537 2033 2588 aut
2075 2536 2237 2588 metu
2284 2531 2599 2592 demovere.

311 2625 406 2692 48
560 2617 721 2675 Haec
756 2617 1079 2690 imitamini,
1122 2633 1233 2689 per
1258 2614 1401 2673 deos
1435 2617 1808 2689 immortaleS‚
1854 2618 1951 2689 qui
1984 2618 2356 2694 dignitatem,
2404 2622 2500 2694 qui
2531 2620 2628 2677 lau-

280 2719 403 2778 102
423 2706 575 2779 dem,
622 2707 720 2778 qui
763 2705 1007 2778 gloriam
1053 2704 1351 2777 quaeritis.
1441 2703 1604 2762 Haec
1633 2705 1826 2777 ampla
1868 2712 2017 2780 sunt,
2063 2706 2210 2763 haec
2239 2706 2461 2782 divina,
2505 2709 2628 2765 haec

423 2794 798 2852 immortalia:
856 2793 1003 2851 haec
1046 2792 1204 2851 fama
1249 2792 1620 2850 celebrantur
1637 2837 1652 2865 ,
1710 2794 2094 2851 monumentis
2147 2796 2454 2854 annalium
2497 2811 2630 2853 man-

422 2883 635 2941 dantur
649 2927 665 2956 ,
710 2881 1038 2955 posteritati
1081 2884 1494 2954 propagantur.
1584 2879 1694 2938 Est
1736 2880 1930 2954 labor,
1989 2897 2104 2939 non
2151 2898 2338 2954 nego:
2396 2883 2629 2958 pericula

422 2985 661 3044 magna,
707 2968 929 3028 fateor:

594 3073 798 3131 mdlbao
835 3072 1072 3130 insidiae
1109 3073 1239 3129 seint
1283 3071 1435 3129 homi:

420 3179 720 3239 verissime
764 3178 982 3236 dictum
1030 3182 1134 3235 est.
1223 3177 1341 3236 Sed
1386 3180 1446 3234 10
1471 3170 1524 3256 2)

597 3283 659 3341 id
668 3328 682 3354 ‚
728 3283 873 3358 qnod
915 3281 1084 3339 multi
1122 3280 1401 3338 invideant
1443 3279 1710 3354 multique
1756 3281 2010 3354 e'xpetant
2024 3325 2040 3351 ,
2088 3283 2372 3340 inscitiast

419 3371 624 3444 inquit,

591 3475 873 3548 postulare
887 3519 901 3546 ,
956 3474 1076 3532 nisi
1091 3467 1144 3555 3)
1190 3472 1425 3531 laborem
1467 3474 1676 3530 stimma
1721 3460 1840 3530 cnm
1870 3475 2020 3533 'cura
2062 3475 2290 3550 deferas.

560 3716 614 3782 1)
661 3713 921 3767 Garatoni
961 3712 1096 3766 coni.
1139 3718 1336 3781 atque,-
1382 3711 1467 3765 Ka
1504 3727 1592 3765 ser
1625 3716 1698 3765 et:
1871 3710 1925 3777 2)
1960 3710 2093 3765 Cod.
2133 3709 2254 3767 Par.
2298 3728 2332 3764 a
2372 3727 2453 3779 pr.
2488 3727 2551 3762 m.
2583 3710 2623 3757 et
2655 3672 2656 3679 ἵ

415 3784 508 3851 de,
546 3788 646 3839 cet.
686 3783 839 3839 codd.
878 3783 974 3837 sed
1009 3788 1084 3845 te,-
1120 3799 1220 3838 om.
1259 3788 1309 3835 te
1344 3782 1469 3836 0101
1492 3782 1539 3844 1;
1589 3782 1683 3835 3111
1731 3785 1779 3833 te
1813 3781 1875 3833 id
1910 3785 2011 3838 cet.
2195 3783 2253 3848 3)
2293 3781 2383 3834 Sic
2420 3781 2619 3836 Wesen-

418 3857 575 3924 berg;
633 3855 786 3909 codd.
831 3855 1182 3922 postularent
1225 3853 1347 3908 sivi.
