2669 4354
423 227 547 285 226
1412 236 1633 280 omno

421 420 601 473 varat.
693 412 794 471 Sin
838 414 977 471 victi
1023 416 1219 471 essent
1260 411 1430 484 boni,
1475 412 1573 483 qui
1620 413 2033 484 superessent?
2090 426 2283 468 nonne
2323 409 2395 466 ad
2436 423 2605 466 servos

421 503 633 561 videtis
687 518 812 559 rem
865 500 1151 574 publicam
1208 505 1515 557 venturam
1571 497 1791 556 fuisse?
1853 532 1928 539 —-
2023 498 2116 555 An
2178 498 2316 555 mihi
2371 498 2500 569 ipsi,
2556 500 2608 551 ut

424 591 658 663 quidam
701 593 934 662 putant,
995 588 1103 645 fuit
1155 602 1308 645 mors
1355 603 1541 658 aequo
1600 588 1789 644 animo
1851 586 2220 659 oppetenda?
2277 617 2356 624 -
2446 583 2648 662 Quid&

423 684 545 736 tum
592 683 911 736 mortemne
957 674 1249 748 fugiebam
1278 666 1367 753 ¹)‘?
1413 691 1485 732 an
1535 679 1662 732 erat
1717 691 1813 732 res
1856 676 2006 747 ulla,
2057 690 2228 747 quam
2273 673 2410 730 mihi
2452 672 2609 742 magis
2647 669 2648 752 J

425 765 735 839 optandam
793 764 1097 837 putarem?
1160 767 1261 820 aut
1284 755 1336 841 2)
1396 779 1503 835 ego
1546 762 1678 819 illas
1723 778 1821 819 res
1864 768 2057 820 tantas
2102 762 2164 818 in
2217 766 2382 819 tanta
2425 761 2610 832 impro-

426 855 629 912 borum
675 851 1042 911 multitudine
1087 867 1213 907 cum
1260 850 1563 923 gerebam,
1610 867 1725 908 non
1771 850 1907 906 mihi
1955 866 2131 923 morS,
2177 865 2294 905 non
2341 841 2610 924 exitium3)

428 943 503 1000 ob
550 941 745 1000 oculos
806 939 1189 997 versabatur?
1248 954 1365 995 non
1414 937 1561 995 haec
1622 938 1871 1010 denique
1933 954 1970 995 a
2026 954 2119 995 me
2181 942 2303 994 tum
2353 941 2611 1008 tamquam

428 1027 552 1087 fata
596 1029 657 1085 in
694 1029 821 1100 ipsa
864 1044 930 1084 re
960 1026 1216 1099 gerenda
1252 1026 1648 1084 canebantur?
1694 1042 1769 1082 an
1817 1031 1945 1084 erat
1987 1025 2128 1082 mihi
2171 1026 2232 1081 in
2278 1029 2443 1082 tanto
2484 1025 2615 1080 luctu

429 1133 688 1174 meorum
706 1160 721 1189 ,
778 1119 943 1173 tanta
1000 1113 1354 1171 diiunctione
1372 1157 1387 1185 ,
1453 1119 1616 1173 tanta
1671 1114 2023 1186 acerbitate,
2075 1119 2240 1170 tanta
2298 1111 2650 1186 spoliationem

430 1204 683 1263 omnium
728 1219 921 1261 rerum
941 1247 956 1276 ,
1008 1218 1149 1274 quas
1195 1201 1336 1259 mihi
1381 1207 1482 1260 aut
1527 1207 1736 1260 natura
1777 1208 1877 1259 aut
1920 1201 2152 1259 fortuna
2194 1199 2467 1273 dederat,
2521 1200 2616 1255 vita
2649 1193 2650 1288 ἢ

431 1291 781 1350 retinenda?
832 1297 950 1348 tam
967 1284 1021 1369 4)
1068 1306 1227 1348 eram
1277 1289 1467 1359 rudiS‚
1531 1296 1648 1347 tam
1710 1291 1947 1361 ignarus
1995 1306 2215 1359 rerum,
2267 1294 2391 1345 tam
2439 1291 2650 1360 expers}

431 1379 657 1438 consilii
701 1383 802 1436 aut
858 1378 1124 1451 ingenii?
1182 1377 1328 1434 nihil
1388 1378 1716 1448 audieram,
1775 1378 1919 1435 nihil
1978 1376 2260 1449 videram,
2322 1377 2468 1433 nihil
2516 1376 2617 1446 ipse

431 1466 677 1541 legendo
709 1466 1155 1539 quaerendoque
1202 1469 1624 1538 cognoveram?
1669 1466 2001 1523 nesciebam
2041 1465 2195 1521 vitae
2235 1464 2476 1522 brevem
2517 1476 2618 1519 esse

431 1571 690 1627 cursum,
737 1555 956 1627 gloriae
1002 1554 1461 1626 sempiternum?
1508 1569 1638 1612 cum
1686 1558 1843 1612 esset
1886 1554 2148 1612 omnibus
2192 1550 2439 1610 definita
2479 1566 2618 1618 mors,

433 1643 746 1715 optandum
809 1659 963 1715 esse,
1040 1645 1105 1698 ut
1163 1641 1315 1714 vita,
1396 1657 1545 1713 quae
1604 1642 1943 1699 necessitati
2005 1641 2348 1715 deberetur,
2425 1638 2618 1713 patriae

430 1733 619 1805 potius
653 1730 864 1789 donata
895 1744 1065 1802 quam
1110 1734 1412 1787 reservata
1455 1735 1697 1787 naturae
1736 1729 2075 1788 videretur?
2118 1729 2456 1787 nesciebam
2499 1727 2652 1784 interi

433 1819 886 1892 sapientissimos
930 1817 1189 1876 homines
1232 1816 1383 1874 hanc
1414 1818 1843 1875 contentionem
1889 1815 2097 1890 fuisse,
2139 1822 2202 1874 ut
2246 1817 2356 1874 alii
2395 1803 2652 1873 dicerent?

433 1908 656 1966 animos
685 1906 977 1964 hominum
1018 1921 1337 1976 sensusque
1377 1911 1564 1963 morte
1596 1904 1905 1980 restingui,
1951 1905 2051 1962 alii
2092 1909 2289 1962 autem
2336 1911 2460 1963 tum
2496 1920 2622 1961 men·

433 2001 524 2053 tes
568 1994 817 2053 maxime
875 1994 1221 2065 sapientium
1284 2008 1353 2050 ac
1413 1990 1645 2051 fortium
1690 1994 1976 2066 virorum,
2041 2009 2167 2050 cum
2214 2009 2287 2049 ex
2309 1987 2366 2072 ⁵)
2415 2005 2621 2065 corpore

435 2083 848 2159 excessissent,
899 2081 1118 2139 sentire
1163 2096 1232 2138 ac
1275 2080 1514 2153 vigere?
1576 2097 1815 2152 quorum
1862 2081 2108 2139 alterum
2153 2078 2497 2151 fugiendum
2535 2093 2621 2136 non

437 2187 598 2243 esse,
638 2187 841 2228 carere
879 2186 1080 2228 sensu:
1127 2168 1375 2228 alterum
1410 2168 1582 2227 etiam
1628 2169 1957 2242 optandum,
1999 2169 2238 2228 meliore
2289 2186 2426 2229 esse
2470 2183 2621 2227 sensu.
2653 2171 2654 2243 ξ

333 2259 415 2316 48
435 2260 702 2331 Denique
751 2275 877 2315 cum
927 2258 1119 2316 omnia
1170 2273 1399 2330 semper
1442 2256 1517 2315 ad
1562 2256 1901 2330 dignitatem
1941 2258 2293 2315 rettulissem
2362 2275 2474 2318 nec
2526 2256 2620 2312 sine

437 2363 511 2405 ea
555 2347 861 2418 quicquam
913 2345 1295 2418 expetendum
1363 2362 1491 2404 esse
1551 2345 1766 2403 homini
1821 2346 1884 2403 in
1935 2347 2055 2404 vita
2103 2351 2440 2420 putassem,
2504 2360 2622 2402 mor-

437 2442 583 2507 tem,
646 2449 816 2507 quam
879 2434 1054 2492 etiam
1115 2434 1370 2507 virgines
1431 2433 1678 2491 Athenis
1699 2479 1714 2508 ,
1782 2434 1969 2509 regiS,
2035 2435 2269 2507 opinor,
2343 2429 2623 2493 Erechthei

437 2522 620 2596 filiae,
677 2538 782 2594 pro
829 2522 1021 2593 patria
1064 2521 1478 2593 contempsisse
1525 2520 1819 2594 dicuntur,
1884 2539 1993 2595 ego
2033 2524 2122 2581 vir
2167 2524 2490 2581 consularis
2529 2527 2624 2577 tan-

440 2609 516 2668 tis
560 2609 734 2668 rebus
784 2610 964 2681 gestis
1021 2610 1330 2668 timerem?
1390 2610 1738 2681 praesertim
1784 2626 1915 2668 cum
1972 2611 2098 2669 eius
2143 2626 2339 2669 essem
2396 2608 2624 2680 civitatiS,

441 2715 512 2757 ex
572 2713 684 2770 qua
728 2695 788 2754 O.
831 2696 1057 2754 Mucius
1111 2697 1265 2755 solus
1327 2698 1391 2753 in
1449 2702 1640 2755 castra
1697 2697 2030 2757 Porsennae
2091 2700 2355 2756 venisset
2417 2708 2624 2767 eumque

438 2784 771 2845 interficere
816 2785 1110 2858 proposita
1155 2784 1266 2842 sibi
1303 2789 1491 2842 morte
1539 2790 1777 2843 conatus
1821 2789 2020 2844 esset?
2067 2803 2136 2844 ex
2183 2802 2299 2859 qua
2347 2787 2412 2844 P.
2447 2783 2625 2843 Decius

439 2876 687 2948 primum
744 2877 937 2945 pater,
996 2878 1127 2945 post
1170 2873 1390 2945 aliquot
1434 2889 1614 2931 annos
1668 2874 1859 2945 patria
1901 2876 2116 2932 virtute
2161 2875 2466 2948 praeditus
2506 2870 2626 2929 filius

442 2981 504 3022 se
549 2979 617 3020 ac
661 2961 838 3018 vitam
881 2976 1042 3018 suam
1084 2961 1368 3019 instructa
1412 2962 1538 3018 acie
1581 2978 1686 3034 pro
1732 2962 1919 3019 salute
1960 2963 2159 3035 populi
2194 2962 2448 3021 Romani
2484 2964 2626 3020 victo-

440 3053 644 3124 riaque
691 3049 1054 3107 devovisset?
1115 3065 1185 3106 ex
1229 3064 1346 3120 qua
1401 3049 1855 3108 innumerabiles
1909 3051 2010 3108 alii
2063 3052 2278 3123 partim
2321 3052 2626 3125 adipiscen-

442 3139 554 3199 dae
600 3137 816 3209 laudis,
872 3137 1083 3209 partim
1128 3136 1400 3194 vitandae
1448 3137 1819 3209 turpitudinis
1866 3153 2043 3196 causa
2086 3144 2335 3198 mortem
2381 3141 2442 3197 in
2485 3135 2627 3195 variis

441 3227 610 3286 bellis
652 3225 1012 3298 aequissimis
1054 3225 1259 3281 animis
1299 3220 1698 3296 oppetissent?
1743 3226 1804 3282 in
1850 3242 1964 3299 qua
2012 3227 2246 3285 civitate
2292 3230 2421 3300 ipse
2461 3222 2628 3285 memi-

436 3315 649 3373 nissem
707 3317 935 3386 patrem
995 3312 1165 3369 huius
1219 3313 1302 3369 M.
1343 3310 1561 3386 Crassi,
1620 3311 1990 3372 fortissimum
2034 3315 2251 3390 virum,
2313 3334 2390 3374 ne
2437 3314 2629 3374 videret

434 3513 493 3550 eo
541 3501 759 3549 armato
798 3494 1024 3563 privato
1057 3493 1324 3559 Lambin.;
1384 3500 1446 3547 at
1480 3492 1555 3556 vi,
1608 3499 1670 3546 at
1704 3494 1774 3547 ab
1809 3511 1872 3549 eo
1897 3496 2043 3563 priv.
2084 3497 2317 3563 Bakius;
2380 3503 2440 3552 at
2487 3495 2549 3550 ab
2584 3508 2628 3545 eo

428 3567 655 3636 privato
693 3571 908 3619 armato
945 3563 1312 3632 Wesenberg3
1366 3570 1426 3617 at
1472 3563 1584 3617 acie
1622 3581 1719 3634 pro
1758 3571 1818 3618 at
1864 3567 2000 3620 cives
2036 3567 2191 3622 Paul.
2355 3572 2408 3638 1)
2443 3564 2626 3622 Banu,

436 3654 488 3706 p.
519 3637 637 3691 183.
676 3635 812 3703 quid
848 3633 1000 3689 tum?
1038 3639 1329 3688 mortemne
1362 3633 1678 3701 fuyiebam?
1846 3637 1899 3705 2)
1938 3643 2105 3690 antea
2140 3640 2323 3707 Koch,
2361 3634 2626 3694 Eberhard.

437 3709 492 3776 3)
533 3707 622 3760 Sic
658 3707 954 3771 Hotoman,
990 3704 1289 3768 Eberhard3
1331 3704 1553 3758 exilium
1591 3704 1740 3759 codd.
1942 3709 1999 3775 4)
2038 3708 2225 3775 Halm,
2267 3711 2407 3779 quod
2443 3711 2497 3763 in
2527 3708 2627 3762 Par.

437 3796 471 3832 a
497 3795 586 3901 ἔξ.
626 3794 697 3830 m.
737 3781 920 3829 tamen
955 3777 1181 3846 legitur,
1232 3775 1369 3829 coni.
1408 3780 1601 3829 tamne.
1794 3779 1849 3844 5)
1900 3794 1967 3831 ex
2003 3780 2165 3833 Klotz
2204 3783 2261 3834 et
2298 3780 2627 3843 Wesenberg;

436 3866 495 3904 co
573 3890 584 3903 .
623 3864 695 3901 eo,
