2669 4354
973 259 1086 298 Pno
1115 258 1385 298 MVRENA.
2113 232 2283 336 —HE

12 472 19 483 ,
116 432 431 504 praefectum
489 432 715 492 fabrum
775 434 954 492 semel
1018 436 1206 492 locum
1263 434 1570 492 tribulibus
1629 437 1746 493 suis
1804 436 2063 494 dedisse:
2147 435 2283 508 quid
2304 428 2395 498 35

12 524 23 599 ξ
116 526 335 579 statuent
388 522 447 578 in
493 523 646 580 viros
702 523 1033 595 primariOS,
1100 524 1196 595 qui
1251 523 1313 580 in
1372 523 1524 580 circo
1572 529 1724 581 totas
1771 522 2045 581 tabernas
2102 525 2282 582 tribu·
2302 526 2384 583 73

110 609 220 665 lium
263 625 432 666 causa
480 613 929 682 compararunt?
1029 610 1193 667 Haec
1237 612 1428 668 omnia
1488 615 1864 684 sectatorum,
1923 613 2282 684 spectaculo-

110 713 234 769 rum,
275 697 645 770 prandiorum
688 697 928 756 crimina
973 698 1340 755 multitudine
1382 699 1562 756 invita
1602 704 1704 756 tua
1741 699 1918 755 nimia
1961 694 2283 772 diligentia.

110 785 269 857 Servi,
350 787 615 843 conlecta
680 791 813 843 sunt
833 780 915 865 ¹);
1002 787 1062 842 in
1128 786 1331 858 quibus
1398 790 1593 844 tamen
1656 787 1905 844 Murena
1971 792 2206 843 senatus
2225 781 2280 865 ²)

107 872 417 931 auctoritate
451 872 797 931 defenditur.
888 872 1036 942 Quid
1083 875 1274 930 enim?
1321 879 1555 932 senatus
1599 891 1732 931 num
1777 875 2001 932 obviam
2046 875 2278 948 prodire

107 960 289 1017 crimen
332 965 538 1033 putat?
642 961 834 1033 6Νοῐι,
892 961 994 1019 sed
1050 957 1374 1019 mercede:'
1435 960 1743 1019 Convince.
1850 963 2000 1019 Num
2066 964 2280 1020 sectari

102 1047 315 1104 multos?
401 1047 591 1120 ίΝοῐι,
638 1048 739 1106 sed
787 1045 1147 1106 conductos:'
1204 1050 1381 1107 Doce.
1471 1051 1622 1107 Num
1667 1050 1856 1107 locum
1901 1051 1969 1107 ad
2013 1056 2279 1123 spectan-

101 1135 210 1191 dum
252 1134 382 1193 dare
434 1142 538 1193 aut
593 1136 664 1194 ad
716 1135 1018 1208 prandium
1078 1137 1367 1195 invitare?
1472 1135 1768 1210 ‘Minime‚
1833 1138 1935 1196 sed
1990 1133 2185 1210 volgo’
2207 1132 2278 1217 ³).

101 1221 228 1292 Quid
269 1228 353 1281 est
394 1224 604 1295 volgo?
691 1219 1070 1282 ‘Universos’.
1160 1224 1291 1281 Non
1337 1226 1539 1298 igitur,
1596 1226 1644 1282 si
1688 1225 1756 1282 L.
1795 1225 2006 1298 Natta,
2062 1242 2279 1284 summo

18 1340 23 1347 =
99 1311 206 1366 loco
247 1310 608 1384 adulescenS,
669 1313 764 1384 qui
810 1316 871 1370 et
917 1328 1027 1383 quo
1076 1313 1265 1369 animo
1309 1313 1423 1369 iam
1471 1314 1545 1370 sit
1593 1319 1655 1371 et
1698 1313 1882 1385 qualis
1925 1314 2013 1371 vir
2055 1314 2280 1371 futurus

16 1448 21 1451 .
97 1398 165 1454 sit
204 1398 480 1472 videmus,
527 1401 587 1456 in
633 1400 886 1472 equitum
934 1400 1209 1458 centuriis
1253 1401 1434 1457 voluit
1474 1417 1600 1460 esse
1649 1405 1708 1458 et
1762 1401 1833 1458 ad
1878 1402 1986 1458 hoc
2031 1399 2280 1459 officium

96 1487 519 1544 necessitudinis
583 1492 642 1544 et
704 1486 776 1544 ad
843 1487 1129 1559 reliquum
1192 1493 1416 1559 tempus
1471 1490 1782 1562 gratiosuS,
1855 1489 1914 1547 id
1983 1491 2095 1546 erit
2156 1490 2280 1547 eius

18 1616 19 1623 κ
96 1574 276 1631 vitrico
319 1574 507 1632 fraudi
555 1579 653 1631 aut
699 1575 985 1647 criminis
1016 1591 1159 1648 nec,
1217 1576 1265 1631 si
1310 1576 1472 1648 virgo
1516 1576 1800 1650 VestaliS,
1847 1576 2012 1633 huius
2049 1577 2280 1648 propin-

93 1677 190 1732 qua
235 1668 290 1719 et
331 1665 690 1736 necessaria,
736 1665 925 1720 locum
964 1679 1128 1720 suum
1173 1663 1589 1734 gladiatoribus
1636 1665 1918 1722 concessit
1964 1665 2116 1737 huic,
2164 1680 2280 1722 non

94 1754 145 1805 et
184 1750 278 1807 illa
321 1751 417 1822 pie
462 1750 605 1807 fecit
652 1756 713 1808 et
756 1751 851 1807 hic
895 1767 930 1808 a
976 1750 1144 1822 culpa
1197 1756 1286 1808 est
1330 1758 1601 1808 remotus
1709 1750 1912 1809 Omnia
1957 1752 2101 1809 haec
2146 1758 2281 1809 sunt

90 1834 263 1895 officia
304 1839 790 1912 necessariorum,
833 1838 1130 1896 commoda
1161 1839 1519 1912 tenuiorum,
1562 1841 1757 1897 munia
1789 1838 2234 1896 candidatorum.

243 1926 322 1982 At
365 1927 517 1984 enim
563 1928 685 1999 agit
730 1942 954 1983 mecum
1002 1931 1234 1984 austere
1284 1933 1344 1984 et
1388 1927 1580 1985 Stoice
1628 1927 1795 1984 Cato:
1857 1932 2036 1999 negat
2076 1943 2276 1984 verum
2299 1932 2383 1989 74

14 2028 15 2063 1
92 2028 203 2070 esse
243 2013 412 2071 adlici
457 2015 906 2072 benivolentiam
953 2014 1110 2086 cibo3
1172 2019 1350 2088 negat
1398 2013 1666 2073 iudicium
1713 2016 1999 2072 hominum
2051 2016 2111 2070 in
2158 2031 2277 2072 ma-

95 2101 408 2171 gistratibus
461 2101 802 2159 mandandis
851 2102 1135 2175 corrumpi
1180 2102 1564 2174 voluptatibus
1611 2109 1894 2175 oportere.
1999 2102 2155 2175 Ergo
2203 2102 2278 2160 ad

90 2205 265 2247 cenam
322 2190 618 2262 petitionis
677 2207 852 2248 causa
909 2192 956 2247 si
1026 2192 1150 2263 quis
1197 2198 1396 2264 vocat,
1462 2192 1890 2251 condemnetur.
1996 2187 2275 2265 ‘Quippe'

92 2276 249 2348 inquit
312 2280 404 2335 ‘tu
446 2279 586 2335 mihi
633 2295 912 2335 summum
959 2280 1288 2352 imperium,
1346 2284 1408 2336 tu
1427 2273 1481 2359 4)
1529 2296 1804 2336 summam
1853 2280 2276 2352 auctoritatem,

12 2413 19 2422 .
90 2369 135 2420 tu
189 2366 579 2439 gubernacula
638 2368 726 2424 rei
785 2366 1051 2438 publicae
1112 2372 1277 2438 petas
1340 2365 1600 2425 fovendis
1662 2368 1952 2425 hominum
2009 2367 2275 2425 sensibus

12 2467 19 2506 ².
89 2457 136 2507 et
190 2453 548 2511 deleniendis
621 2455 826 2511 animis
887 2459 946 2511 et
1010 2453 1350 2512 adhibendis
1432 2456 1817 2528 voluptatibus
1842 2450 1942 2534 5)‘?
2075 2452 2274 2514 Utrum

12 2557 13 2560 ¹
90 2538 444 2599 lenocinium'
493 2542 680 2614 inquit
726 2543 789 2599 ‘a
849 2558 1024 2615 grege
1071 2541 1358 2600 delicatae
1405 2544 1717 2601 iuventutis
1773 2559 1847 2599 an
1893 2543 2047 2600 orbis
2092 2549 2275 2600 terra-

10 2669 17 2706 .
86 2642 188 2684 rum
240 2630 544 2701 imperium
604 2646 638 2686 a
696 2630 906 2701 populo
964 2629 1221 2687 Romano
1269 2626 1585 2702 petebas?
1691 2629 2001 2688 Horribilis
2060 2632 2274 2688 oratio:

86 2715 167 2770 sed
208 2733 337 2774 eam
384 2729 549 2790 usuS,
613 2717 755 2790 vita,
816 2734 1033 2791 mores»,
1086 2718 1286 2776 civitas
1328 2720 1455 2790 ipsa
1495 2720 1729 2790 respuit.
1831 2718 2034 2789 Neque
2080 2723 2276 2775 tamen

8 2801 15 2862 ἑ
83 2798 534 2882 Lacedaemonii,
593 2810 861 2862 auctores
894 2806 1074 2861 istius
1120 2806 1274 2862 vitae
1317 2811 1490 2877 atque
1539 2807 1839 2878 orationis,
1897 2807 1991 2877 qui
2040 2806 2276 2862 cotidia-

10 2939 15 2954 ,
85 2890 152 2945 nis
203 2892 386 2965 epulis
443 2893 504 2949 in
571 2891 777 2950 robore
840 2893 1212 2965 accumbunt,
1289 2910 1477 2964 neque
1535 2910 1672 2950 vero
1731 2893 1958 2965 Cretes,
2034 2909 2273 2964 quorum

84 2992 224 3035 nemo
269 2981 529 3053 gustavit
585 2997 851 3053 umquam
917 2980 1165 3055 cubans,
1226 2982 1432 3039 melius
1485 2999 1656 3053 quam
1699 2982 1941 3038 Romani
1994 2980 2273 3054 homine8‚

85 3065 157 3132 qui
193 3073 458 3141 tempora
504 3069 812 3139 voluptatis
864 3068 1190 3141 laborisque
1237 3069 1610 3143 dispertiunt,
1673 3086 1767 3127 res
1825 3068 2082 3139 publicas
2140 3084 2273 3125 suas

20 3157 23 3162 ·
83 3153 455 3213 retinuerunt:
520 3173 752 3227 quorum
802 3158 972 3215 alteri
1022 3175 1133 3214 uno
1188 3157 1439 3214 adventu
1502 3159 1681 3214 nostri
1746 3156 2031 3214 exercitus
2092 3155 2273 3214 deleti

84 3246 212 3311 sunt,
261 3244 435 3300 alteri
485 3245 670 3301 nostri
715 3245 943 3316 imperii
1003 3245 1292 3316 praesidio
1354 3245 1715 3317 disciplinam
1778 3260 1938 3302 suam
1996 3244 2269 3317 legesque

84 3336 411 3389 conservant.
520 3332 646 3403 Qua
692 3348 756 3389 re
803 3332 946 3406 noli,
1023 3331 1198 3406 Cato,
1273 3334 1550 3391 maiorum
1610 3334 1903 3406 instituta,
1978 3348 2128 3405 quae
2175 3350 2270 3391 res
2288 3331 2376 3399 36

199 3582 247 3647 1)
287 3582 376 3636 Sic
410 3580 664 3648 Madvig;
719 3581 868 3636 codd.
913 3582 1285 3648 prandiorum
1321 3584 1442 3637 item
1480 3585 1720 3637 crimina
1757 3602 1794 3637 a
1832 3585 2175 3640 multitudine
2209 3588 2273 3640 in

86 3646 210 3699 tuam
242 3652 469 3704 nimiam
503 3651 869 3718 diliyentiam,
910 3651 1087 3715 Servi,
1128 3654 1366 3708 coniecta
1404 3671 1445 3709 8.
1556 3656 1610 3721 2)
1650 3655 1736 3710 Sic
1761 3656 2001 3720 Ernesti;
2041 3675 2078 3710 a
2115 3674 2270 3711 sena-

86 3718 130 3764 tu
162 3721 299 3774 codd.
459 3723 512 3788 3)
552 3723 688 3775 Post
722 3724 870 3790 volyo
911 3724 965 3775 in
1003 3723 1158 3776 libris
1195 3725 1396 3793 legitur
1421 3725 1660 3795 passim,
1701 3727 1838 3793 quod
1874 3728 2075 3781 delevit
2109 3729 2269 3791 Beck,

86 3786 143 3907 ἃ
158 3787 298 3915 deleslt
334 3810 390 3918 ιᾶι
428 3792 557 3860 Lag.
598 3793 648 3847 9.
807 3794 862 3861 4)
901 3799 965 3847 tu
1001 3794 1124 3848 add.
1164 3795 1412 3849 Lambin.
1576 3799 1630 3866 5)
1670 3802 1720 3849 et
1755 3796 1938 3851 adhib.
1980 3798 2271 3868 voluptati·

143 3871 166 3907 8
234 3879 258 3914 e
286 3903 298 3915 .
383 3879 559 3932 ampe.
1427 3889 1430 3896 ·
1774 3892 1776 3894 ¹
