2669 4354
417 259 543 317 350
1173 273 1452 313 AocvsA'r.
1498 275 1566 313 IN
1608 275 1859 314 VERREM

272 455 394 513 139
418 449 605 522 curia,
670 449 733 506 in
801 465 913 521 qua
977 449 1306 508 inauratam
1373 447 1434 506 G.
1481 449 1683 507 Verris
1753 454 2002 507 statuam
2067 449 2342 508 viderem.
2459 446 2600 518 Quod

413 542 790 611 posteaquam
834 535 953 594 dixi
970 582 985 611 ,
1058 542 1251 595 tantus
1306 541 1397 595 est
1449 537 1696 610 gemitus
1741 536 1928 595 factus
1988 543 2224 611 aspectu
2283 542 2502 595 statuae
2553 540 2602 593 et
2660 534 2661 537 ’

417 625 986 697 commemoratione,
1046 629 1112 682 ut
1155 624 1298 683 illud
1348 625 1409 681 in
1455 626 1617 683 curia
1660 626 1907 697 positum
1964 631 2397 684 monumentum
2443 626 2601 683 scele-

414 730 541 772 rum
560 758 575 787 ,
636 729 752 771 non
792 710 1205 772 beneficiorum
1247 712 1562 772 videretur.
1665 713 1813 771 Tum
1853 730 1956 786 pro
2011 731 2073 773 se
2120 714 2392 788 quisque,
2447 729 2602 786 quan-

415 807 539 859 tum
584 800 826 859 dicendo
870 801 1109 873 adsequi
1150 806 1417 874 poterat,
1468 801 1680 860 docere
1725 819 1817 861 me
1866 803 2060 874 coepit
2104 817 2210 877 ea,
2264 814 2414 874 quae
2455 800 2601 873 paulo

416 895 553 947 ante
603 888 1065 947 commemoravi:
1126 889 1433 962 spoliatam
1477 889 1705 964 urbem,
1753 889 1890 948 fana
1935 889 2193 962 direpta3
2254 889 2328 948 de
2373 888 2603 947 Heraclii
2660 912 2661 937 ÷

414 976 771 1050 hereditate,
834 992 1005 1049 quam
1049 977 1407 1049 palaestritis
1453 980 1863 1052 concessisset,
1921 979 2101 1036 multo
2148 978 2454 1035 maximam
2492 993 2605 1049 par·
2660 994 2661 1003 ¹

417 1071 535 1124 tem
585 1065 775 1138 ipsum
821 1065 1157 1137 abstulisse,
1218 1081 1409 1137 neque
1455 1066 1859 1136 postulandum
1901 1064 2116 1136 fuisse,
2176 1070 2241 1123 ut
2283 1066 2386 1123 ille
2433 1067 2606 1138 palae-

416 1153 613 1211 stritas
667 1153 968 1226 diligeret,
1045 1152 1144 1224 qui
1200 1153 1377 1211 etiam
1431 1153 1794 1212 inventorem
1856 1154 1973 1212 olei
2040 1153 2214 1212 deum
2273 1154 2606 1225 sustulisset3

416 1257 604 1312 neque
675 1241 837 1298 illam
902 1245 1150 1298 statuam
1208 1257 1336 1298 esse
1395 1257 1468 1298 ex
1534 1243 1784 1315 pecunia
1847 1241 2082 1315 publica
2143 1258 2335 1325 neque
2402 1240 2607 1315 publice

416 1329 610 1387 datam
630 1374 645 1403 ,
700 1329 802 1387 sed
849 1345 975 1402 eoa,
1035 1329 1132 1400 qui
1178 1327 1522 1387 hereditatis
1579 1329 1940 1403 diripiendae
1996 1329 2315 1403 participes
2373 1329 2608 1401 fuissent,

415 1416 742 1474 faciendam
788 1415 1264 1488 statuendamque
1312 1433 1580 1490 curasse3
1631 1418 1864 1476 eosdem
1905 1417 2123 1476 Romae
2167 1417 2349 1476 fuisse
2396 1419 2610 1491 legatOS,

414 1503 568 1561 illius
632 1503 924 1562 adiutores
979 1504 1364 1577 improbitatis
1380 1549 1395 1578 ,
1461 1506 1644 1564 socios
1700 1506 1981 1564 furtorum
2000 1550 2017 1581 ,
2077 1505 2339 1564 conscios
2391 1504 2611 1580 flagitio-

409 1604 575 1666 rum3
638 1608 707 1650 eo
752 1593 941 1650 minus
986 1592 1186 1649 mirari
1231 1609 1322 1650 me
1368 1598 1664 1668 oportere,
1726 1595 1775 1652 si
1824 1595 1910 1652 illi
1957 1594 2243 1653 communi
2303 1595 2607 1666 legatorum

414 1680 692 1739 voluntati
736 1685 798 1738 et
841 1680 1014 1738 saluti
1059 1679 1289 1738 Siciliae
1333 1679 1673 1740 defuissent.
1720 1692 1725 1695 ’

309 1768 395 1835 63
619 1768 733 1827 Ubi
796 1784 995 1826 eorum
1053 1766 1311 1826 dolorem
1381 1785 1454 1825 ex
1511 1769 1665 1828 illius
1684 1763 1741 1851 1¹)
1805 1768 2037 1826 iniuriis
2117 1785 2234 1827 non
2287 1771 2462 1829 modo
2512 1785 2609 1828 non

270 1862 395 1921 140
414 1856 724 1929 minorem,
786 1857 889 1915 sed
945 1872 1127 1929 prope
1174 1857 1452 1914 maiorem
1510 1874 1679 1929 quam
1727 1856 2048 1916 Siculorum
2111 1863 2441 1917 ceterorum
2502 1873 2610 1916 esse

413 1945 657 2018 cognovi
672 1989 700 2017 ,s
743 1949 864 2001 tum
902 1958 1096 2001 meum
1144 1944 1398 2002 animum
1438 1946 1499 2002 in
1542 1946 1706 2019 illoS,
1769 1950 1893 2002 tum
1937 1945 2054 2002 mei
2101 1946 2330 2004 consilii
2387 1947 2610 2020 negotii-

411 2049 524 2104 que
569 2032 742 2089 totius
798 2032 1050 2104 suscepti
1098 2048 1331 2089 causam
1377 2034 1777 2105 rationemque
1833 2033 2135 2107 proposui,
2183 2039 2309 2092 tum
2358 2052 2460 2094 eos
2498 2035 2610 2091 hor·

411 2124 568 2177 tatus
613 2136 764 2194 sum,
823 2124 892 2176 ut
937 2136 1148 2179 causae
1193 2121 1478 2179 communi
1534 2122 1822 2195 salutique
1877 2138 1953 2180 ne
2000 2120 2274 2181 deessent
2293 2168 2309 2198 ,
2369 2129 2436 2182 ut
2476 2124 2610 2182 illam

409 2208 831 2282 laudationem,
900 2225 1071 2281 quam
1126 2226 1188 2268 se
1244 2210 1299 2266 vi
1360 2226 1428 2267 ac
1482 2215 1641 2269 metu
1701 2215 1929 2268 coactos
1984 2210 2186 2283 paucis
2245 2211 2369 2271 illis
2431 2212 2608 2272 diebus
2660 2231 2661 2234 ¹

410 2296 681 2353 decresse
736 2296 1038 2371 dicebant,
1097 2297 1390 2355 tollerent.
1493 2300 1727 2372 Itaque,
1778 2298 2027 2371 iudiceS,
2085 2297 2440 2372 Syracusani
2486 2302 2608 2359 haec
2660 2301 2661 2372 ᾖ

409 2383 659 2456 faciunt,
719 2384 883 2442 istius
929 2385 1172 2443 clientes
1208 2391 1381 2457 atque
1429 2388 1630 2445 amici:
1697 2387 1945 2459 primum
1990 2386 2132 2444 mihi
2173 2388 2408 2448 litteras
2449 2387 2609 2462 publi-

410 2488 541 2544 caS,
590 2487 731 2543 quas
775 2472 837 2529 in
883 2474 1111 2531 aerario
1155 2474 1443 2532 sanctiore
1493 2475 1769 2533 conditas
1797 2474 2120 2550 habebant,
2162 2474 2504 2549 proferunt:
2560 2478 2609 2533 in

408 2559 611 2631 quibus
655 2560 965 2618 ostendunt
1021 2561 1243 2634 omnia,
1322 2577 1472 2633 quae
1521 2562 1640 2620 dixi
1695 2563 1892 2621 ablata
1938 2577 2105 2640 esse,
2177 2565 2508 2644 perscripta
2561 2568 2612 2620 et

404 2647 575 2720 plura
618 2648 825 2722 etiam,
872 2665 1042 2721 quam
1075 2664 1182 2722 ego
1212 2650 1375 2721 potui
1421 2651 1646 2725 dicere3
1693 2651 2015 2723 perscripta
2050 2657 2244 2709 autem
2288 2654 2403 2712 hoc
2442 2651 2613 2712 modo:

406 2734 601 2806 ‘Quod
646 2750 719 2792 ex
763 2736 909 2794 aede
954 2737 1259 2795 Minervae
1310 2738 1421 2795 hoc
1480 2745 1541 2797 et
1583 2739 1726 2796 illud
1773 2739 2006 2797 abesset
2026 2732 2104 2818 2),
2163 2741 2323 2812 quod
2368 2758 2441 2799 ex
2479 2740 2611 2799 aede

406 2823 587 2896 Iovis,
649 2824 801 2895 quod
859 2841 928 2882 ex
984 2825 1131 2883 aede
1177 2822 1411 2883 Liberi'
1475 2859 1556 2867 —
1615 2832 1682 2885 ut
1734 2827 1977 2899 quisque
2035 2828 2107 2885 iis
2159 2828 2341 2888 rebus
2399 2828 2614 2888 tuendis

408 2911 928 2984 conservandisque
952 2906 1004 2993 ³)
1061 2913 1432 2987 praefuerat,
1494 2916 1579 2973 ita
1636 2915 2022 2989 perscriptum
2083 2921 2215 2973 erat
2277 2950 2395 2992 —,
2470 2917 2614 2975 ‘cum

403 3000 691 3057 rationem
737 3017 770 3059 e
810 3001 943 3073 lege
987 3000 1303 3059 redderent
1341 3008 1401 3060 et
1444 3020 1593 3075 quae
1644 3009 1994 3075 acceperant
2036 3003 2272 3063 tradere
2322 3006 2614 3077 deberent,

403 3087 654 3162 petisse,
711 3093 776 3146 ut
811 3089 955 3161 sibi,
1014 3088 1166 3161 quod
1213 3105 1320 3147 eae
1341 3087 1391 3165 ⁴)
1438 3108 1534 3150 res
1577 3091 1884 3165 abessent,
1938 3091 2372 3167 ignosceretur3
2431 3096 2613 3166 itaque

405 3191 602 3234 omnes
660 3176 935 3234 liberatos
996 3176 1327 3235 discessisse
1393 3184 1453 3236 et
1519 3195 1645 3241 esse
1715 3180 1974 3251 ignotum
2040 3178 2347 3239 omnibus'.
2473 3182 2614 3253 Quas

405 3280 512 3337 ego
552 3264 780 3322 litteras
825 3265 1211 3337 obsignandas
1253 3267 1483 3339 publico
1528 3268 1692 3341 signo
1739 3267 2245 3341 deportandasque
2292 3272 2508 3330 curavi.

558 3535 611 3599 1)
651 3532 739 3587 Sic
776 3534 889 3587 cod.
923 3534 1085 3602 Reg.;
1119 3534 1283 3588 istius
1320 3551 1384 3589 ex
1419 3534 1638 3605 Lagom.
1675 3537 1904 3607 Jordan,
1943 3538 2171 3605 Kayser.
2352 3540 2406 3608 2)
2449 3539 2613 3593 Verba
2660 3523 2661 3554 ³

402 3602 502 3655 hoe
560 3608 611 3655 et
666 3603 810 3656 illud
861 3603 1065 3658 abesset
1134 3606 1286 3659 uncis
1356 3606 1578 3660 inclusit
1646 3607 1890 3672 Ernesti,
1953 3609 2053 3662 hoe
2128 3614 2176 3662 et
2222 3609 2366 3663 illud
2433 3608 2610 3664 Orelli.

403 3673 458 3740 3)
524 3671 677 3736 Quod
737 3674 796 3727 in
858 3676 973 3728 cod.
1031 3676 1164 3744 Reg.
1226 3675 1367 3729 nihil
1429 3677 1536 3730 nisi
1600 3677 1942 3746 tuendisque,
2037 3680 2096 3733 in
2163 3680 2338 3735 Guelf.
2398 3679 2611 3733 tuendis
2660 3707 2661 3746 ᾗ

402 3744 573 3805 extat,
636 3744 1149 3812 conservandisque,
1212 3747 1355 3815 quod
1392 3752 1476 3801 est
1520 3749 1578 3802 in
1625 3752 1750 3802 cett.
1801 3749 1986 3816 codd,
2023 3751 2257 3804 editores
2308 3752 2465 3805 multi
2500 3767 2609 3814 om.,

403 3810 667 3932 ‘isgdcffidg
706 3812 789 3865 23.
1000 3816 1055 3883 4)
1109 3832 1202 3869 eae
1256 3815 1450 3884 Orelli,
1505 3817 1698 3886 Halm,
1757 3820 1850 3873 alii
1864 3840 1878 3884 ;
1932 3820 2097 3889 vulgo
2153 3821 2288 3885 hae,
2341 3820 2487 3891 quod
2535 3822 2612 3874 est
2660 3819 2661 3890 ζ
