2669 4354
417 219 541 279 258
1094 307 1105 308 ἶ
1420 235 1641 277 omno

412 407 564 465 haec
608 408 801 481 populi
825 407 1070 465 Romani
1117 411 1280 464 tanta
1326 405 1671 480 significatio
1716 408 1842 466 sine
1887 408 2008 465 ulla
2031 408 2317 465 varietate
2358 406 2597 478 universi,

412 511 541 552 cum
586 495 703 552 illis
764 494 905 567 ipsis
951 493 1156 552 diebus
1200 494 1273 552 de
1319 511 1411 551 me
1470 501 1663 560 actum
1718 496 1792 552 iri
1860 501 2191 568 putaretur,
2254 494 2388 566 quid
2437 493 2601 551 decla·
2647 519 2648 522 ¹

410 583 566 641 ravit
636 583 751 642 nisi
824 583 1169 655 optimorum
1258 583 1466 640 civium
1545 584 1789 641 salutem
1867 589 1928 641 et
1966 583 2344 655 ‚dignitatem
2413 582 2600 654 populo
2647 637 2648 642 ,

137 731 157 751 s
267 676 390 735 126
410 670 671 729 Romano
727 686 924 727 caram
967 686 1097 728 esse
1153 671 1471 728 universo?
1572 673 1652 729 At
1695 687 1833 729 vero
1875 672 1975 728 ille
2018 677 2284 745 praetor,
2337 671 2430 744 qui
2455 663 2501 748 ¹)
2538 668 2598 725 de
2647 691 2648 694 ¹

409 774 503 817 me
549 775 665 816 non
707 759 889 831 patris
907 803 922 831 ,
972 758 1100 831 avi,
1160 759 1389 832 proavi,
1456 760 1741 817 maiorum
1786 759 2038 832 denique
2082 775 2319 817 suorum
2364 758 2600 829 omnium,

411 844 515 905 sed
559 844 977 905 Graeculorum
1036 845 1300 904 instituto
1347 847 1672 905 contionem
1731 847 2097 920 interrogare
2162 846 2416 919 solebat,
2475 844 2602 902 ‘Vel-

409 935 569 993 letne
615 951 707 992 me
751 933 948 991 redire
961 929 994 1006 ',
1058 939 1150 1006 et,
1210 949 1341 991 cum
1398 940 1525 992 erat
1584 934 1963 993 reclamatum
2025 934 2316 994 semivivis
2377 949 2603 992 mercen·
2647 951 2648 986 1

411 1022 704 1080 uariorum
758 1021 1020 1094 vocibus,
1074 1022 1347 1094 populum
1392 1023 1714 1081 Romanum
1766 1040 1985 1096 negare
2031 1023 2304 1081 dicebat:
2359 1023 2410 1079 is
2426 1066 2441 1095 ,
2497 1037 2601 1078 cum

413 1110 626 1168 cotidie
694 1108 1045 1183 gladiatores
1108 1114 1430 1183 spectaret,
1509 1127 1820 1183 numquam
1887 1116 1977 1168 est
2046 1115 2415 1183 conspectuS,
2497 1125 2603 1166 cum

409 1198 657 1256 veniret.
745 1196 1101 1269 Emergebat
1155 1196 1373 1270 subito,
1451 1215 1579 1255 cum
1642 1199 1746 1256 sub
1802 1198 2032 1256 tabulas
2089 1198 2487 1270 subrepserat,
2555 1201 2605 1253 ut

410 1285 602 1342 Mater
631 1288 684 1341 te
711 1283 927 1358 appello
972 1285 1228 1342 dicturus
1273 1285 1585 1343 videretur.
1676 1287 1883 1358 Itaque
1917 1286 2020 1344 illa
2065 1286 2157 1344 via
2203 1277 2605 1363 latebrosior2),

412 1390 525 1446 qua
560 1378 883 1445 spectatum
926 1372 1026 1431 ille
1070 1373 1373 1447 veniebat,
1428 1374 1620 1447 Appia
1663 1375 1776 1431 iam
1827 1374 2159 1432 vocabatur.
2269 1373 2377 1444 Qui
2433 1379 2604 1430 tamen

413 1476 641 1534 quoquo
707 1466 967 1533 tempore
1036 1466 1379 1533 conspectus
1447 1467 1604 1534 erat,
1673 1478 1786 1518 non
1848 1461 2015 1519 modo
2070 1461 2423 1535 gladiatores
2439 1506 2455 1535 ,
2521 1458 2604 1517 sed

270 1556 391 1614 127
414 1549 547 1622 equi
614 1549 728 1622 ipsi
785 1548 1170 1621 gladiatorum
1237 1550 1560 1622 repentinis
1626 1549 1811 1608 sibilis
1865 1547 2337 1608 extimescebant.
2455 1547 2605 1605 Vide-

412 1638 562 1696 tisne
606 1636 812 1709 igitur,
857 1642 1135 1709 quantum
1176 1637 1410 1695 intersit
1427 1630 1479 1715 3)
1520 1638 1675 1694 inter
1710 1638 1984 1710 populum
2019 1636 2342 1694 Romanum
2387 1641 2449 1693 et
2490 1652 2599 1693 con-

411 1726 665 1783 tionem?
735 1723 995 1782 dominos
1066 1725 1397 1782 contionum
1458 1726 1613 1782 omni
1672 1724 1802 1782 odio
1862 1726 2058 1798 populi
2116 1725 2353 1782 notari?
2428 1724 2602 1795 quibus

411 1819 611 1872 autem
667 1812 986 1870 consistere
1043 1812 1104 1869 in
1149 1828 1455 1884 operarum
1502 1812 1863 1870 contionibus
1907 1829 2024 1870 non
2066 1812 2242 1870 liceat
2258 1857 2273 1885 ,
2334 1828 2432 1870 eos
2477 1811 2602 1869 omni

411 1899 610 1975 populi
653 1900 901 1957 Romani
947 1898 1369 1972 significatione
1415 1898 1680 1958 decorari
1696 1903 1724 1956 *Ρ

585 1987 670 2045 Tu
739 1987 878 2044 mihi
955 1987 1131 2045 etiam
1204 1988 1309 2048 M„
1341 1988 1581 2045 Atilium
1654 1987 1942 2060 Regulum
2021 2003 2459 2060 commemoras,
2526 1986 2601 2058 qui

410 2074 605 2134 redire
667 2076 792 2147 ipse
854 2073 1273 2149 Karthaginem
1339 2092 1443 2133 sua
1503 2076 1800 2133 voluntate
1869 2075 1942 2132 ad
2009 2075 2384 2148 supplicium,
2455 2089 2600 2147 quam
2647 2085 2648 2088 ’

408 2164 535 2223 sine
594 2163 681 2223 eis
739 2162 981 2235 captivis
1003 2156 1085 2243 4),
1146 2180 1183 2222 a
1228 2163 1434 2237 quibus
1489 2162 1564 2221 ad
1608 2169 1869 2223 senatum
1931 2164 2136 2221 missus
2197 2168 2351 2236 erat,
2406 2161 2599 2221 Romae

411 2267 648 2309 manere
695 2250 989 2324 maluerit,
1054 2256 1117 2310 et
1171 2251 1311 2309 mihi
1372 2267 1553 2323 negas
1611 2251 1923 2324 optandum
1973 2251 2222 2309 reditum
2283 2251 2461 2310 fuisse
2513 2266 2599 2323 per

302 2336 396 2405 60
412 2337 662 2396 familias
726 2344 1086 2414 comparatas
1152 2345 1213 2398 et
1277 2339 1541 2398 homines
1615 2341 1909 2397 armatos?
2031 2338 2162 2396 Vim
2227 2339 2454 2397 scilicet
2512 2352 2600 2410 ego
2647 2344 2648 2419 ζ

412 2426 766 2499 desideravi,
811 2427 935 2500 qui,
998 2425 1133 2484 dum
1174 2427 1260 2484 vis
1303 2425 1444 2501 fuit,
1503 2427 1646 2485 nihil
1696 2428 1821 2502 egi,
1886 2432 1946 2483 et
1990 2441 2191 2499 quem,
2260 2427 2311 2484 si
2369 2427 2453 2484 vis
2507 2441 2600 2482 non

269 2522 391 2579 128
413 2513 641 2587 fuisset,
686 2514 846 2571 nulla
888 2530 982 2571 res
1022 2512 1384 2573 labefactare
1429 2515 1726 2588 potuisset.
1815 2514 1986 2572 Hunc
2018 2530 2124 2588 ego
2162 2514 2416 2573 reditum
2455 2530 2600 2585 repu-

411 2601 663 2676 diarem,
724 2602 824 2675 qui
876 2602 960 2659 ita
1002 2599 1217 2661 florens
1276 2599 1415 2674 fuit,
1479 2607 1544 2661 ut
1599 2618 1834 2675 verear,
1894 2619 1971 2660 ne
2028 2602 2154 2674 quis
2178 2595 2231 2681 ⁶)
2290 2618 2384 2660 me
2435 2600 2598 2659 studio

409 2690 632 2763 gloriae
699 2694 865 2762 putet
931 2689 1148 2747 idcirco
1219 2691 1441 2764 exisse,
1529 2696 1592 2748 ut
1656 2692 1739 2749 ita
1800 2689 2093 2748 redirem?
2212 2688 2398 2760 Quem
2469 2690 2599 2747 enim

410 2793 679 2851 umquam
723 2782 957 2836 senatus
1003 2778 1188 2835 civem
1233 2778 1345 2837 nisi
1388 2796 1481 2837 me
1528 2778 1858 2837 nationibus
1905 2778 2118 2836 exteris
2166 2776 2600 2836 commendavit?

409 2867 572 2925 ouius
616 2882 885 2938 umquam
925 2871 1162 2939 propter
1206 2867 1452 2924 salutem
1507 2866 1618 2924 nisi
1664 2883 1853 2924 meam
1899 2870 2134 2924 senatus
2180 2866 2411 2939 publice
2450 2864 2600 2922 sociis

336 2960 347 2965 ’
409 2954 607 3027 populi
666 2953 913 3011 Romani
974 2954 1191 3027 gratias
1258 2954 1423 3026 egit?
1538 2954 1628 3012 De
1696 2969 1788 3011 me
1862 2970 1975 3012 uno
2049 2959 2247 3026 patres
2320 2950 2600 3023 conscripti

411 3043 829 3115 decreverunt,
896 3046 987 3114 ut,
1050 3043 1147 3113 qui
1208 3042 1533 3114 provincias
1594 3059 1719 3099 cum
1792 3041 2037 3114 imperio
2097 3041 2455 3113 obtinerent,
2517 3037 2599 3110 qui

409 3135 747 3202 quaestores
802 3129 1099 3202 legatique
1147 3135 1371 3202 essent,
1432 3128 1678 3187 salutem
1736 3135 1797 3187 et
1855 3129 2032 3187 vitam
2080 3129 2449 3187 custodirent..
2540 3127 2598 3182 In

409 3235 524 3277 una
578 3233 712 3275 mea
766 3233 942 3275 causa
993 3222 1124 3289 post
1166 3215 1410 3275 Romam
1471 3217 1758 3276 conditam
1816 3215 2036 3275 facturn
2090 3223 2213 3290 est,
2288 3221 2354 3274 ut
2409 3214 2597 3274 litteris

410 3305 812 3365 consularibus
865 3321 937 3362 ex
991 3310 1225 3363 senatus
1287 3305 1547 3364 consulto
1608 3309 1816 3363 cuncta
1870 3322 1942 3363 ex
2002 3304 2175 3363 Italia
2225 3320 2445 3378 omneS,
2513 3300 2597 3372 qui

550 3505 603 3570 1)
655 3503 745 3557 Sic
781 3502 1034 3558 Garatoni
1074 3503 1240 3570 coni.;
1291 3501 1443 3556 codd.
1488 3502 1577 3556 illi
1622 3507 1689 3557 et.
1736 3501 1807 3556 R.
1854 3503 1977 3570 qui5
2027 3502 2187 3571 vulgo
2224 3509 2448 3569 praetor
2489 3516 2591 3559 om„
2647 3482 2648 3489 ἵ

408 3573 496 3628 vel
530 3572 623 3625 ille
657 3573 918 3627 tribunus
944 3573 1025 3641 pl.
1061 3573 1157 3641 qui
1192 3573 1462 3628 scribitur.
1638 3573 1691 3641 2)
1730 3572 2049 3627 latebrosior
2086 3574 2346 3640 scriptum
2380 3576 2461 3627 est
2491 3585 2589 3625 cum

409 3644 729 3709 scholiasta3
784 3644 937 3698 codd.
983 3643 1271 3698 latebrosa.
1470 3645 1526 3710 3)
1573 3644 1788 3697 intersit
1832 3642 1981 3697 codd.
2033 3659 2169 3708 om.;
2229 3643 2281 3699 h.
2328 3645 2365 3697 l.
2413 3639 2592 3697 addidit

409 3714 768 3781 Wesenberg,
827 3715 990 3782 vulgo
1028 3713 1235 3767 addunt
1269 3717 1394 3786 post
1430 3714 1746 3767 contionem.
1896 3715 1953 3781 4)
1991 3713 2080 3768 Sic
2115 3712 2294 3777 codd.;
2333 3715 2589 3768 offensione
2647 3738 2648 3741 =

410 3784 574 3838 verba
616 3800 722 3836 non
771 3786 971 3838 carent.
1027 3784 1174 3838 Bake
1223 3802 1324 3838 scr.
1372 3784 1449 3838 eis
1494 3783 1699 3838 moitis,
1913 3786 1966 3851 5)
2017 3782 2112 3850 qui
2147 3784 2310 3837 Klotz
2348 3790 2401 3838 et
2435 3782 2568 3837 Halm
2577 3797 2587 3843 3
2647 3808 2648 3819 1

411 3853 565 3907 codd.
607 3853 754 3920 quid.
