<?xml version="1.0" encoding="UTF-8"?>
<!DOCTYPE html PUBLIC "-//W3C//DTD XHTML 1.0 Transitional//EN"
    "http://www.w3.org/TR/xhtml1/DTD/xhtml1-transitional.dtd">
<html xmlns="http://www.w3.org/1999/xhtml" xml:lang="en" lang="en">
 <head>
  <title>
</title>
<meta http-equiv="Content-Type" content="text/html;charset=utf-8" />
  <meta name='ocr-system' content='tesseract 3.04.00' />
  <meta name='ocr-capabilities' content='ocr_page ocr_carea ocr_par ocr_line ocrx_word'/>
</head>
<body>
  <div class='ocr_page' id='page_1' title='image "./orationesselect02cicegoog/orationesselect02cicegoog_0399.png"; bbox 0 0 2669 4354; ppageno 0'>
   <div class='ocr_carea' id='block_1_1' title="bbox 849 257 2285 315">
    <p class='ocr_par' dir='ltr' id='par_1_1' title="bbox 849 257 2285 315">
     <span class='ocr_line' id='line_1_1' title="bbox 849 257 2285 315; baseline 0.002 -3"><span class='ocrx_word' id='word_1_1' title='bbox 849 273 916 312; x_wconf 80' lang='lat' dir='ltr'>m</span> <span class='ocrx_word' id='word_1_2' title='bbox 952 271 1133 312; x_wconf 80' lang='lat' dir='ltr'>MARO.</span> <span class='ocrx_word' id='word_1_3' title='bbox 1178 271 1513 313; x_wconf 77' lang='lat' dir='ltr'>ANTONIVM.</span> <span class='ocrx_word' id='word_1_4' title='bbox 2158 257 2285 315; x_wconf 84' lang='lat'>383</span> 
     </span>
    </p>
   </div>
   <div class='ocr_carea' id='block_1_2' title="bbox 1 443 2395 3422">
    <p class='ocr_par' dir='ltr' id='par_1_2' title="bbox 1 443 2395 3422">
     <span class='ocr_line' id='line_1_2' title="bbox 86 443 2286 519; baseline 0.002 -20"><span class='ocrx_word' id='word_1_5' title='bbox 86 444 444 515; x_wconf 81' lang='lat' dir='ltr'>spectionem.</span> <span class='ocrx_word' id='word_1_6' title='bbox 535 443 706 502; x_wconf 87' lang='lat' dir='ltr'>Esto:</span> <span class='ocrx_word' id='word_1_7' title='bbox 750 444 862 503; x_wconf 94' lang='lat' dir='ltr'>hoc</span> <span class='ocrx_word' id='word_1_8' title='bbox 896 445 1192 519; x_wconf 87' lang='lat' dir='ltr'>imperite:</span> <span class='ocrx_word' id='word_1_9' title='bbox 1237 462 1349 503; x_wconf 91' lang='lat' dir='ltr'>nec</span> <span class='ocrx_word' id='word_1_10' title='bbox 1394 447 1547 505; x_wconf 91' lang='lat' dir='ltr'>enim</span> <span class='ocrx_word' id='word_1_11' title='bbox 1594 451 1685 505; x_wconf 87' lang='lat' dir='ltr'>est</span> <span class='ocrx_word' id='word_1_12' title='bbox 1731 446 1801 504; x_wconf 89' lang='lat' dir='ltr'>ab</span> <span class='ocrx_word' id='word_1_13' title='bbox 1846 446 2078 505; x_wconf 93' lang='lat' dir='ltr'>homine</span> <span class='ocrx_word' id='word_1_14' title='bbox 2123 464 2286 504; x_wconf 92' lang='lat' dir='ltr'>num-</span> 
     </span>
     <span class='ocr_line' id='line_1_3' title="bbox 85 531 2286 607; baseline 0.002 -19"><span class='ocrx_word' id='word_1_15' title='bbox 85 547 239 603; x_wconf 84' lang='lat' dir='ltr'><strong>quam</strong></span> <span class='ocrx_word' id='word_1_16' title='bbox 315 531 509 591; x_wconf 90' lang='lat' dir='ltr'>sobrio</span> <span class='ocrx_word' id='word_1_17' title='bbox 583 533 927 605; x_wconf 84' lang='lat' dir='ltr'>postulanda</span> <span class='ocrx_word' id='word_1_18' title='bbox 999 534 1339 605; x_wconf 88' lang='lat' dir='ltr'>prudentia:</span> <span class='ocrx_word' id='word_1_19' title='bbox 1415 534 1520 592; x_wconf 90' lang='lat' dir='ltr'>sed</span> <span class='ocrx_word' id='word_1_20' title='bbox 1592 535 1789 593; x_wconf 89' lang='lat' dir='ltr'>videte</span> <span class='ocrx_word' id='word_1_21' title='bbox 1856 534 2286 607; x_wconf 86' lang='lat' dir='ltr'>impudentiam.</span> 
     </span>
     <span class='ocr_line' id='line_1_4' title="bbox 82 619 2286 681; baseline 0.001 -5"><span class='ocrx_word' id='word_1_22' title='bbox 82 619 269 678; x_wconf 87' lang='lat' dir='ltr'>Multis</span> <span class='ocrx_word' id='word_1_23' title='bbox 317 624 455 678; x_wconf 91' lang='lat' dir='ltr'>ante</span> <span class='ocrx_word' id='word_1_24' title='bbox 501 621 792 680; x_wconf 91' lang='lat' dir='ltr'>mensibus</span> <span class='ocrx_word' id='word_1_25' title='bbox 838 622 899 678; x_wconf 90' lang='lat' dir='ltr'>in</span> <span class='ocrx_word' id='word_1_26' title='bbox 945 626 1150 679; x_wconf 89' lang='lat' dir='ltr'>senatu</span> <span class='ocrx_word' id='word_1_27' title='bbox 1199 621 1343 679; x_wconf 84' lang='lat' dir='ltr'><strong>dixit</strong></span> <span class='ocrx_word' id='word_1_28' title='bbox 1397 638 1459 680; x_wconf 90' lang='lat' dir='ltr'>se</span> <span class='ocrx_word' id='word_1_29' title='bbox 1504 621 1849 681; x_wconf 82' lang='lat' dir='ltr'>Dolabellae</span> <span class='ocrx_word' id='word_1_30' title='bbox 1900 623 2133 681; x_wconf 90' lang='lat' dir='ltr'>comitia</span> <span class='ocrx_word' id='word_1_31' title='bbox 2185 626 2286 680; x_wconf 90' lang='lat' dir='ltr'>aut</span> 
     </span>
     <span class='ocr_line' id='line_1_5' title="bbox 83 706 2287 784; baseline 0.002 -20"><span class='ocrx_word' id='word_1_32' title='bbox 83 706 493 779; x_wconf 88' lang='lat' dir='ltr'>prohibiturum</span> <span class='ocrx_word' id='word_1_33' title='bbox 542 709 813 781; x_wconf 81' lang='lat' dir='ltr'><strong>auspiciis</strong></span> <span class='ocrx_word' id='word_1_34' title='bbox 870 714 969 767; x_wconf 88' lang='lat' dir='ltr'>aut</span> <span class='ocrx_word' id='word_1_35' title='bbox 1019 708 1079 765; x_wconf 93' lang='lat' dir='ltr'>id</span> <span class='ocrx_word' id='word_1_36' title='bbox 1125 707 1414 768; x_wconf 87' lang='lat' dir='ltr'>facturum</span> <span class='ocrx_word' id='word_1_37' title='bbox 1476 725 1602 768; x_wconf 92' lang='lat' dir='ltr'>esse</span> <span class='ocrx_word' id='word_1_38' title='bbox 1617 755 1633 784; x_wconf 93' lang='lat'>,</span> <span class='ocrx_word' id='word_1_39' title='bbox 1686 709 1835 782; x_wconf 92' lang='lat' dir='ltr'>quod</span> <span class='ocrx_word' id='word_1_40' title='bbox 1883 708 2040 768; x_wconf 87' lang='lat' dir='ltr'>fecit.</span> <span class='ocrx_word' id='word_1_41' title='bbox 2122 711 2287 781; x_wconf 80' lang='lat' dir='ltr'>Quis-</span> 
     </span>
     <span class='ocr_line' id='line_1_6' title="bbox 83 796 2284 872; baseline 0.001 -20"><span class='ocrx_word' id='word_1_42' title='bbox 83 812 314 867; x_wconf 86' lang='lat' dir='ltr'>quamne</span> <span class='ocrx_word' id='word_1_43' title='bbox 361 796 624 854; x_wconf 86' lang='lat' dir='ltr'>divinare</span> <span class='ocrx_word' id='word_1_44' title='bbox 668 800 892 872; x_wconf 87' lang='lat' dir='ltr'>potest,</span> <span class='ocrx_word' id='word_1_45' title='bbox 941 796 1076 870; x_wconf 91' lang='lat' dir='ltr'>quid</span> <span class='ocrx_word' id='word_1_46' title='bbox 1116 797 1245 855; x_wconf 89' lang='lat' dir='ltr'>vitii</span> <span class='ocrx_word' id='word_1_47' title='bbox 1290 798 1352 855; x_wconf 94' lang='lat' dir='ltr'>in</span> <span class='ocrx_word' id='word_1_48' title='bbox 1395 798 1665 870; x_wconf 83' lang='lat' dir='ltr'><strong>auspiciis</strong></span> <span class='ocrx_word' id='word_1_49' title='bbox 1709 796 1966 855; x_wconf 91' lang='lat' dir='ltr'>futurum</span> <span class='ocrx_word' id='word_1_50' title='bbox 2011 797 2112 871; x_wconf 90' lang='lat' dir='ltr'>sit,</span> <span class='ocrx_word' id='word_1_51' title='bbox 2174 798 2284 855; x_wconf 91' lang='lat' dir='ltr'>nisi</span> 
     </span>
     <span class='ocr_line' id='line_1_7' title="bbox 83 876 2287 958; baseline 0.002 -18"><span class='ocrx_word' id='word_1_52' title='bbox 83 876 180 955; x_wconf 78' lang='lat' dir='ltr'>qui&#39;</span> <span class='ocrx_word' id='word_1_53' title='bbox 210 884 285 942; x_wconf 91' lang='lat' dir='ltr'>de</span> <span class='ocrx_word' id='word_1_54' title='bbox 334 885 498 943; x_wconf 90' lang='lat' dir='ltr'>caelo</span> <span class='ocrx_word' id='word_1_55' title='bbox 544 900 778 944; x_wconf 89' lang='lat' dir='ltr'>servare</span> <span class='ocrx_word' id='word_1_56' title='bbox 840 884 1180 943; x_wconf 80' lang='lat' dir='ltr'>constituit?</span> <span class='ocrx_word' id='word_1_57' title='bbox 1234 885 1388 956; x_wconf 90' lang='lat' dir='ltr'>quod</span> <span class='ocrx_word' id='word_1_58' title='bbox 1447 902 1635 957; x_wconf 90' lang='lat' dir='ltr'>neque</span> <span class='ocrx_word' id='word_1_59' title='bbox 1691 886 1828 944; x_wconf 84' lang='lat' dir='ltr'>licet</span> <span class='ocrx_word' id='word_1_60' title='bbox 1888 885 2134 944; x_wconf 88' lang='lat' dir='ltr'>comitiis</span> <span class='ocrx_word' id='word_1_61' title='bbox 2176 903 2287 958; x_wconf 89' lang='lat' dir='ltr'>per</span> 
     </span>
     <span class='ocr_line' id='line_1_8' title="bbox 80 971 2284 1048; baseline 0.001 -21"><span class='ocrx_word' id='word_1_62' title='bbox 80 971 255 1046; x_wconf 84' lang='lat' dir='ltr'>leges,</span> <span class='ocrx_word' id='word_1_63' title='bbox 306 976 390 1045; x_wconf 90' lang='lat' dir='ltr'>et,</span> <span class='ocrx_word' id='word_1_64' title='bbox 438 974 487 1030; x_wconf 92' lang='lat' dir='ltr'>si</span> <span class='ocrx_word' id='word_1_65' title='bbox 532 973 630 1044; x_wconf 89' lang='lat' dir='ltr'>qui</span> <span class='ocrx_word' id='word_1_66' title='bbox 675 973 952 1047; x_wconf 84' lang='lat' dir='ltr'>servavit,</span> <span class='ocrx_word' id='word_1_67' title='bbox 1010 990 1126 1031; x_wconf 93' lang='lat' dir='ltr'>non</span> <span class='ocrx_word' id='word_1_68' title='bbox 1172 973 1418 1032; x_wconf 91' lang='lat' dir='ltr'>comitiis</span> <span class='ocrx_word' id='word_1_69' title='bbox 1462 973 1705 1048; x_wconf 85' lang='lat' dir='ltr'>habitis,</span> <span class='ocrx_word' id='word_1_70' title='bbox 1767 972 1870 1032; x_wconf 89' lang='lat' dir='ltr'>sed</span> <span class='ocrx_word' id='word_1_71' title='bbox 1911 975 2069 1047; x_wconf 88' lang='lat' dir='ltr'>prius</span> <span class='ocrx_word' id='word_1_72' title='bbox 2115 989 2284 1045; x_wconf 90' lang='lat' dir='ltr'>quam</span> 
     </span>
     <span class='ocr_line' id='line_1_9' title="bbox 81 1059 2286 1134; baseline 0.001 -19"><span class='ocrx_word' id='word_1_73' title='bbox 81 1059 426 1134; x_wconf 82' lang='lat' dir='ltr'>habeantur,</span> <span class='ocrx_word' id='word_1_74' title='bbox 486 1060 663 1120; x_wconf 90' lang='lat' dir='ltr'>debet</span> <span class='ocrx_word' id='word_1_75' title='bbox 714 1061 1002 1119; x_wconf 88' lang='lat' dir='ltr'>nuntiare.</span> <span class='ocrx_word' id='word_1_76' title='bbox 1107 1061 1326 1119; x_wconf 82' lang='lat' dir='ltr'>Verum</span> <span class='ocrx_word' id='word_1_77' title='bbox 1384 1061 1681 1134; x_wconf 89' lang='lat' dir='ltr'>implicata</span> <span class='ocrx_word' id='word_1_78' title='bbox 1736 1061 2045 1120; x_wconf 84' lang='lat' dir='ltr'>inscientia</span> <span class='ocrx_word' id='word_1_79' title='bbox 2099 1062 2286 1133; x_wconf 90' lang='lat' dir='ltr'>impu-</span> 
     </span>
     <span class='ocr_line' id='line_1_10' title="bbox 81 1145 2285 1222; baseline 0.001 -18"><span class='ocrx_word' id='word_1_80' title='bbox 81 1145 268 1206; x_wconf 88' lang='lat' dir='ltr'>dentia</span> <span class='ocrx_word' id='word_1_81' title='bbox 314 1152 438 1222; x_wconf 86' lang='lat' dir='ltr'>est,</span> <span class='ocrx_word' id='word_1_82' title='bbox 497 1145 607 1208; x_wconf 90' lang='lat' dir='ltr'>nec</span> <span class='ocrx_word' id='word_1_83' title='bbox 665 1149 774 1207; x_wconf 88' lang='lat' dir='ltr'>scit</span> <span class='ocrx_word' id='word_1_84' title='bbox 834 1147 986 1220; x_wconf 92' lang='lat' dir='ltr'>quod</span> <span class='ocrx_word' id='word_1_85' title='bbox 1046 1164 1354 1222; x_wconf 84' lang='lat' dir='ltr'>augurem,</span> <span class='ocrx_word' id='word_1_86' title='bbox 1413 1166 1522 1208; x_wconf 91' lang='lat' dir='ltr'>nec</span> <span class='ocrx_word' id='word_1_87' title='bbox 1582 1148 1723 1208; x_wconf 89' lang='lat' dir='ltr'>facit</span> <span class='ocrx_word' id='word_1_88' title='bbox 1774 1149 1926 1221; x_wconf 91' lang='lat' dir='ltr'>quod</span> <span class='ocrx_word' id='word_1_89' title='bbox 1972 1148 2285 1222; x_wconf 87' lang='lat' dir='ltr'>pudentem</span> 
     </span>
     <span class='ocr_line' id='line_1_11' title="bbox 80 1230 2385 1314; baseline -0 -22"><span class='ocrx_word' id='word_1_90' title='bbox 80 1234 252 1295; x_wconf 90' lang='lat' dir='ltr'>decet.</span> <span class='ocrx_word' id='word_1_91' title='bbox 355 1237 561 1308; x_wconf 89' lang='lat' dir='ltr'>Itaque</span> <span class='ocrx_word' id='word_1_92' title='bbox 584 1230 634 1314; x_wconf 81' lang='grc'>1)</span> <span class='ocrx_word' id='word_1_93' title='bbox 696 1253 767 1295; x_wconf 89' lang='lat' dir='ltr'>ex</span> <span class='ocrx_word' id='word_1_94' title='bbox 828 1237 929 1294; x_wconf 94' lang='lat' dir='ltr'>illo</span> <span class='ocrx_word' id='word_1_95' title='bbox 987 1236 1081 1295; x_wconf 88' lang='lat' dir='ltr'>die</span> <span class='ocrx_word' id='word_1_96' title='bbox 1146 1236 1531 1295; x_wconf 86' lang='lat' dir='ltr'>recordamini</span> <span class='ocrx_word' id='word_1_97' title='bbox 1596 1238 1720 1295; x_wconf 91' lang='lat' dir='ltr'>eius</span> <span class='ocrx_word' id='word_1_98' title='bbox 1776 1253 1959 1310; x_wconf 86' lang='lat' dir='ltr'>usque</span> <span class='ocrx_word' id='word_1_99' title='bbox 2017 1237 2092 1295; x_wconf 92' lang='lat' dir='ltr'>ad</span> <span class='ocrx_word' id='word_1_100' title='bbox 2147 1236 2283 1296; x_wconf 91' lang='lat' dir='ltr'>Idus</span> <span class='ocrx_word' id='word_1_101' title='bbox 2304 1235 2385 1293; x_wconf 84' lang='lat'>82</span> 
     </span>
     <span class='ocr_line' id='line_1_12' title="bbox 79 1322 2284 1398; baseline 0 -16"><span class='ocrx_word' id='word_1_102' title='bbox 79 1322 317 1383; x_wconf 86' lang='lat' dir='ltr'>Martias</span> <span class='ocrx_word' id='word_1_103' title='bbox 362 1324 740 1382; x_wconf 89' lang='lat' dir='ltr'>consulatum.</span> <span class='ocrx_word' id='word_1_104' title='bbox 832 1323 974 1393; x_wconf 82' lang='lat' dir='ltr'>Quis</span> <span class='ocrx_word' id='word_1_105' title='bbox 1019 1341 1288 1397; x_wconf 90' lang='lat' dir='ltr'>umquam</span> <span class='ocrx_word' id='word_1_106' title='bbox 1333 1326 1631 1398; x_wconf 87' lang='lat' dir='ltr'>apparitor</span> <span class='ocrx_word' id='word_1_107' title='bbox 1684 1331 1804 1389; x_wconf 90' lang='lat' dir='ltr'>tam</span> <span class='ocrx_word' id='word_1_108' title='bbox 1844 1325 2105 1398; x_wconf 78' lang='lat' dir='ltr'>humiIiS,</span> <span class='ocrx_word' id='word_1_109' title='bbox 2165 1330 2284 1382; x_wconf 88' lang='lat' dir='ltr'>tam</span> 
     </span>
     <span class='ocr_line' id='line_1_13' title="bbox 81 1411 2284 1487; baseline -0 -18"><span class='ocrx_word' id='word_1_110' title='bbox 81 1411 332 1470; x_wconf 89' lang='lat' dir='ltr'>abiectus</span> <span class='ocrx_word' id='word_1_111' title='bbox 347 1416 376 1470; x_wconf 70' lang='lat'>⁸?</span> <span class='ocrx_word' id='word_1_112' title='bbox 465 1411 625 1470; x_wconf 87' lang='lat' dir='ltr'>Nihil</span> <span class='ocrx_word' id='word_1_113' title='bbox 670 1413 794 1485; x_wconf 91' lang='lat' dir='ltr'>ipse</span> <span class='ocrx_word' id='word_1_114' title='bbox 839 1417 1104 1487; x_wconf 89' lang='lat' dir='ltr'>poterat,</span> <span class='ocrx_word' id='word_1_115' title='bbox 1151 1413 1343 1470; x_wconf 90' lang='lat' dir='ltr'>omnia</span> <span class='ocrx_word' id='word_1_116' title='bbox 1373 1413 1646 1485; x_wconf 89' lang='lat' dir='ltr'>rogabat:</span> <span class='ocrx_word' id='word_1_117' title='bbox 1695 1418 1873 1484; x_wconf 88' lang='lat' dir='ltr'>caput</span> <span class='ocrx_word' id='word_1_118' title='bbox 1915 1413 1976 1469; x_wconf 91' lang='lat' dir='ltr'>in</span> <span class='ocrx_word' id='word_1_119' title='bbox 2022 1429 2284 1471; x_wconf 86' lang='lat' dir='ltr'>aversam</span> 
     </span>
     <span class='ocr_line' id='line_1_14' title="bbox 77 1496 2283 1574; baseline 0 -19"><span class='ocrx_word' id='word_1_120' title='bbox 77 1498 340 1559; x_wconf 87' lang='lat' dir='ltr'>lecticam</span> <span class='ocrx_word' id='word_1_121' title='bbox 383 1500 649 1559; x_wconf 89' lang='lat' dir='ltr'>inserens</span> <span class='ocrx_word' id='word_1_122' title='bbox 694 1499 1014 1574; x_wconf 89' lang='lat' dir='ltr'>beneficia,</span> <span class='ocrx_word' id='word_1_123' title='bbox 1078 1517 1226 1574; x_wconf 90' lang='lat' dir='ltr'>quae</span> <span class='ocrx_word' id='word_1_124' title='bbox 1277 1496 1601 1574; x_wconf 76' lang='lat' dir='ltr'>&#39;venderet,</span> <span class='ocrx_word' id='word_1_125' title='bbox 1661 1516 1699 1558; x_wconf 90' lang='lat' dir='ltr'>a</span> <span class='ocrx_word' id='word_1_126' title='bbox 1743 1501 1985 1573; x_wconf 87' lang='lat' dir='ltr'>conlega</span> <span class='ocrx_word' id='word_1_127' title='bbox 2028 1499 2283 1573; x_wconf 91' lang='lat' dir='ltr'>petebat.</span> 
     </span>
     <span class='ocr_line' id='line_1_15' title="bbox 75 1580 2388 1662; baseline -0.001 -11"><span class='ocrx_word' id='word_1_128' title='bbox 75 1586 224 1651; x_wconf 85' lang='lat' dir='ltr'>Ecce</span> <span class='ocrx_word' id='word_1_129' title='bbox 270 1587 616 1648; x_wconf 86' lang='lat' dir='ltr'>Dolabellae</span> <span class='ocrx_word' id='word_1_130' title='bbox 664 1589 1025 1647; x_wconf 88' lang='lat' dir='ltr'>comitiorum</span> <span class='ocrx_word' id='word_1_131' title='bbox 1090 1588 1243 1646; x_wconf 85' lang='lat' dir='ltr'>dies:</span> <span class='ocrx_word' id='word_1_132' title='bbox 1302 1588 1525 1646; x_wconf 84' lang='lat' dir='ltr'>sortitio</span> <span class='ocrx_word' id='word_1_133' title='bbox 1584 1588 2064 1662; x_wconf 85' lang='lat' dir='ltr'>praerogativae:</span> <span class='ocrx_word' id='word_1_134' title='bbox 2123 1589 2282 1661; x_wconf 91' lang='lat' dir='ltr'>quie·</span> <span class='ocrx_word' id='word_1_135' title='bbox 2300 1580 2388 1648; x_wconf 83' lang='grc'>33</span> 
     </span>
     <span class='ocr_line' id='line_1_16' title="bbox 79 1670 2282 1756; baseline 0.001 -24"><span class='ocrx_word' id='word_1_136' title='bbox 79 1677 196 1734; x_wconf 89' lang='lat' dir='ltr'>scit.</span> <span class='ocrx_word' id='word_1_137' title='bbox 284 1676 705 1736; x_wconf 62' lang='lat' dir='ltr'>Renuntiatum</span> <span class='ocrx_word' id='word_1_138' title='bbox 755 1681 925 1735; x_wconf 90' lang='lat' dir='ltr'>tacet.</span> <span class='ocrx_word' id='word_1_139' title='bbox 1015 1676 1212 1735; x_wconf 90' lang='lat' dir='ltr'>Prima</span> <span class='ocrx_word' id='word_1_140' title='bbox 1257 1677 1458 1735; x_wconf 90' lang='lat' dir='ltr'>classis</span> <span class='ocrx_word' id='word_1_141' title='bbox 1502 1681 1770 1735; x_wconf 88' lang='lat' dir='ltr'>vocatur:</span> <span class='ocrx_word' id='word_1_142' title='bbox 1816 1678 2184 1735; x_wconf 90' lang='lat' dir='ltr'>renuntiatur</span> <span class='ocrx_word' id='word_1_143' title='bbox 2200 1670 2282 1756; x_wconf 76' lang='grc'>2);</span> 
     </span>
     <span class='ocr_line' id='line_1_17' title="bbox 77 1758 2283 1845; baseline 0.001 -26"><span class='ocrx_word' id='word_1_144' title='bbox 77 1762 285 1823; x_wconf 90' lang='lat' dir='ltr'>deinde</span> <span class='ocrx_word' id='word_1_145' title='bbox 331 1765 417 1822; x_wconf 88' lang='lat' dir='ltr'>ita</span> <span class='ocrx_word' id='word_1_146' title='bbox 436 1810 452 1839; x_wconf 95' lang='lat'>,</span> <span class='ocrx_word' id='word_1_147' title='bbox 498 1770 564 1822; x_wconf 91' lang='lat' dir='ltr'>ut</span> <span class='ocrx_word' id='word_1_148' title='bbox 606 1765 854 1838; x_wconf 88' lang='lat' dir='ltr'>assolet,</span> <span class='ocrx_word' id='word_1_149' title='bbox 894 1763 1170 1837; x_wconf 85' lang='lat' dir='ltr'>suffragia</span> <span class='ocrx_word' id='word_1_150' title='bbox 1189 1758 1273 1845; x_wconf 76' lang='lat'>3):</span> <span class='ocrx_word' id='word_1_151' title='bbox 1320 1769 1441 1823; x_wconf 92' lang='lat' dir='ltr'>tum</span> <span class='ocrx_word' id='word_1_152' title='bbox 1486 1764 1741 1823; x_wconf 88' lang='lat' dir='ltr'>secunda</span> <span class='ocrx_word' id='word_1_153' title='bbox 1785 1764 1986 1822; x_wconf 90' lang='lat' dir='ltr'>classis</span> <span class='ocrx_word' id='word_1_154' title='bbox 2014 1769 2283 1822; x_wconf 85' lang='lat' dir='ltr'>vocatur:</span> 
     </span>
     <span class='ocr_line' id='line_1_18' title="bbox 78 1850 2384 1926; baseline 0 -18"><span class='ocrx_word' id='word_1_155' title='bbox 78 1867 222 1922; x_wconf 90' lang='lat' dir='ltr'>quae</span> <span class='ocrx_word' id='word_1_156' title='bbox 267 1853 462 1910; x_wconf 89' lang='lat' dir='ltr'>omnia</span> <span class='ocrx_word' id='word_1_157' title='bbox 506 1859 642 1911; x_wconf 86' lang='lat' dir='ltr'>sunt</span> <span class='ocrx_word' id='word_1_158' title='bbox 688 1853 858 1911; x_wconf 90' lang='lat' dir='ltr'>citius</span> <span class='ocrx_word' id='word_1_159' title='bbox 902 1850 1060 1909; x_wconf 88' lang='lat' dir='ltr'>facta</span> <span class='ocrx_word' id='word_1_160' title='bbox 1091 1868 1261 1924; x_wconf 90' lang='lat' dir='ltr'>quam</span> <span class='ocrx_word' id='word_1_161' title='bbox 1293 1853 1428 1911; x_wconf 87' lang='lat' dir='ltr'><strong>dixi.</strong></span> <span class='ocrx_word' id='word_1_162' title='bbox 1519 1851 1796 1911; x_wconf 88' lang='lat' dir='ltr'>Confecto</span> <span class='ocrx_word' id='word_1_163' title='bbox 1835 1852 2070 1926; x_wconf 87' lang='lat' dir='ltr'>negotio</span> <span class='ocrx_word' id='word_1_164' title='bbox 2102 1852 2283 1910; x_wconf 92' lang='lat' dir='ltr'>bonus</span> <span class='ocrx_word' id='word_1_165' title='bbox 2303 1851 2384 1909; x_wconf 85' lang='lat'>83</span> 
     </span>
     <span class='ocr_line' id='line_1_19' title="bbox 70 1937 2285 2014; baseline 0.001 -18"><span class='ocrx_word' id='word_1_166' title='bbox 70 1955 254 2011; x_wconf 86' lang='lat' dir='ltr'>augur</span> <span class='ocrx_word' id='word_1_167' title='bbox 318 1971 398 1980; x_wconf 88' lang='lat'>--</span> <span class='ocrx_word' id='word_1_168' title='bbox 460 1939 522 1997; x_wconf 85' lang='lat' dir='ltr'>C.</span> <span class='ocrx_word' id='word_1_169' title='bbox 572 1939 837 1998; x_wconf 88' lang='lat' dir='ltr'>Laelium</span> <span class='ocrx_word' id='word_1_170' title='bbox 897 1941 1126 1998; x_wconf 87' lang='lat' dir='ltr'>diceres</span> <span class='ocrx_word' id='word_1_171' title='bbox 1183 1973 1268 1981; x_wconf 95' lang='lat'><strong>—</strong></span> <span class='ocrx_word' id='word_1_172' title='bbox 1329 1940 1472 1998; x_wconf 87' lang='lat' dir='ltr'>‘alio</span> <span class='ocrx_word' id='word_1_173' title='bbox 1534 1937 1658 1999; x_wconf 91' lang='lat' dir='ltr'>die&#39;</span> <span class='ocrx_word' id='word_1_174' title='bbox 1712 1941 1917 2014; x_wconf 88' lang='lat' dir='ltr'>inquit.</span> <span class='ocrx_word' id='word_1_175' title='bbox 2008 1939 2055 1997; x_wconf 93' lang='grc' dir='ltr'>Ο</span> <span class='ocrx_word' id='word_1_176' title='bbox 2099 1941 2285 2013; x_wconf 75' lang='lat' dir='ltr'>impu·-</span> 
     </span>
     <span class='ocr_line' id='line_1_20' title="bbox 76 2026 2284 2102; baseline 0 -19"><span class='ocrx_word' id='word_1_177' title='bbox 76 2026 331 2085; x_wconf 91' lang='lat' dir='ltr'>dentiam</span> <span class='ocrx_word' id='word_1_178' title='bbox 359 2029 740 2101; x_wconf 84' lang='lat' dir='ltr'>singularem!</span> <span class='ocrx_word' id='word_1_179' title='bbox 816 2027 1266 2098; x_wconf 76' lang='lat' dir='ltr'>Quidvideras‘?</span> <span class='ocrx_word' id='word_1_180' title='bbox 1300 2028 1438 2102; x_wconf 90' lang='lat' dir='ltr'>quid</span> <span class='ocrx_word' id='word_1_181' title='bbox 1469 2044 1736 2087; x_wconf 89' lang='lat' dir='ltr'>senseras</span> <span class='ocrx_word' id='word_1_182' title='bbox 1751 2032 1781 2085; x_wconf 75' lang='lat'>⁶?</span> <span class='ocrx_word' id='word_1_183' title='bbox 1810 2028 1946 2101; x_wconf 90' lang='lat' dir='ltr'>quid</span> <span class='ocrx_word' id='word_1_184' title='bbox 1977 2027 2284 2086; x_wconf 80' lang='lat' dir='ltr'>audieras?</span> 
     </span>
     <span class='ocr_line' id='line_1_21' title="bbox 74 2114 2285 2189; baseline 0 -18"><span class='ocrx_word' id='word_1_185' title='bbox 74 2131 261 2189; x_wconf 89' lang='lat' dir='ltr'>neque</span> <span class='ocrx_word' id='word_1_186' title='bbox 325 2116 480 2174; x_wconf 91' lang='lat' dir='ltr'>enim</span> <span class='ocrx_word' id='word_1_187' title='bbox 542 2122 600 2173; x_wconf 89' lang='lat' dir='ltr'>te</span> <span class='ocrx_word' id='word_1_188' title='bbox 658 2115 731 2173; x_wconf 91' lang='lat' dir='ltr'>de</span> <span class='ocrx_word' id='word_1_189' title='bbox 786 2116 946 2174; x_wconf 89' lang='lat' dir='ltr'>caelo</span> <span class='ocrx_word' id='word_1_190' title='bbox 1006 2132 1268 2175; x_wconf 90' lang='lat' dir='ltr'>servasse</span> <span class='ocrx_word' id='word_1_191' title='bbox 1320 2117 1517 2175; x_wconf 89' lang='lat' dir='ltr'>dixisti</span> <span class='ocrx_word' id='word_1_192' title='bbox 1579 2133 1689 2174; x_wconf 92' lang='lat' dir='ltr'>nec</span> <span class='ocrx_word' id='word_1_193' title='bbox 1750 2116 1923 2175; x_wconf 92' lang='lat' dir='ltr'>hodie</span> <span class='ocrx_word' id='word_1_194' title='bbox 1969 2116 2130 2174; x_wconf 92' lang='lat' dir='ltr'>dicis.</span> <span class='ocrx_word' id='word_1_195' title='bbox 2217 2114 2285 2172; x_wconf 92' lang='lat' dir='ltr'>Id</span> 
     </span>
     <span class='ocr_line' id='line_1_22' title="bbox 1 2197 2285 2279; baseline -0.003 -13"><span class='ocrx_word' id='word_1_196' title='bbox 1 2197 4 2266; x_wconf 52' lang='lat' dir='ltr'>l</span> <span class='ocrx_word' id='word_1_197' title='bbox 75 2203 250 2276; x_wconf 87' lang='lat' dir='ltr'>igitur</span> <span class='ocrx_word' id='word_1_198' title='bbox 295 2205 535 2263; x_wconf 88' lang='lat' dir='ltr'>obvenit</span> <span class='ocrx_word' id='word_1_199' title='bbox 591 2205 817 2279; x_wconf 89' lang='lat' dir='ltr'>vitium,</span> <span class='ocrx_word' id='word_1_200' title='bbox 883 2205 1033 2277; x_wconf 90' lang='lat' dir='ltr'>quod</span> <span class='ocrx_word' id='word_1_201' title='bbox 1091 2211 1156 2263; x_wconf 89' lang='lat' dir='ltr'>tu</span> <span class='ocrx_word' id='word_1_202' title='bbox 1214 2205 1331 2263; x_wconf 90' lang='lat' dir='ltr'>iam</span> <span class='ocrx_word' id='word_1_203' title='bbox 1376 2204 1656 2264; x_wconf 88' lang='lat' dir='ltr'>Kalendis</span> <span class='ocrx_word' id='word_1_204' title='bbox 1699 2205 1986 2264; x_wconf 89' lang='lat' dir='ltr'>Ianuariis</span> <span class='ocrx_word' id='word_1_205' title='bbox 2030 2203 2285 2262; x_wconf 88' lang='lat' dir='ltr'>futurum</span> 
     </span>
     <span class='ocr_line' id='line_1_23' title="bbox 1 2273 2283 2366; baseline 0 -17"><span class='ocrx_word' id='word_1_206' title='bbox 1 2273 2 2366; x_wconf 48' lang='grc' dir='ltr'><strong>Ῠ</strong></span> <span class='ocrx_word' id='word_1_207' title='bbox 78 2308 205 2351; x_wconf 88' lang='lat' dir='ltr'>esse</span> <span class='ocrx_word' id='word_1_208' title='bbox 249 2292 587 2365; x_wconf 88' lang='lat' dir='ltr'>provideras</span> <span class='ocrx_word' id='word_1_209' title='bbox 633 2298 695 2350; x_wconf 91' lang='lat' dir='ltr'>et</span> <span class='ocrx_word' id='word_1_210' title='bbox 729 2298 890 2351; x_wconf 88' lang='lat' dir='ltr'>tanto</span> <span class='ocrx_word' id='word_1_211' title='bbox 924 2298 1061 2352; x_wconf 87' lang='lat' dir='ltr'>ante</span> <span class='ocrx_word' id='word_1_212' title='bbox 1091 2293 1485 2366; x_wconf 87' lang='lat' dir='ltr'>praedixeras.</span> <span class='ocrx_word' id='word_1_213' title='bbox 1576 2294 1734 2366; x_wconf 88' lang='lat' dir='ltr'>Ergo</span> <span class='ocrx_word' id='word_1_214' title='bbox 1774 2293 2011 2352; x_wconf 90' lang='lat' dir='ltr'>hercule</span> <span class='ocrx_word' id='word_1_215' title='bbox 2056 2307 2283 2366; x_wconf 88' lang='lat' dir='ltr'>magna,</span> 
     </span>
     <span class='ocr_line' id='line_1_24' title="bbox 1 2381 2285 2510; baseline 0.001 -75"><span class='ocrx_word' id='word_1_216' title='bbox 1 2395 4 2510; x_wconf 32' lang='grc' dir='ltr'><strong>ἱ</strong></span> <span class='ocrx_word' id='word_1_217' title='bbox 73 2387 133 2437; x_wconf 92' lang='lat' dir='ltr'>ut</span> <span class='ocrx_word' id='word_1_218' title='bbox 179 2397 354 2453; x_wconf 88' lang='lat' dir='ltr'>spero</span> <span class='ocrx_word' id='word_1_219' title='bbox 371 2425 386 2454; x_wconf 98' lang='lat'>,</span> <span class='ocrx_word' id='word_1_220' title='bbox 440 2386 542 2438; x_wconf 89' lang='lat' dir='ltr'>tua</span> <span class='ocrx_word' id='word_1_221' title='bbox 584 2381 775 2453; x_wconf 88' lang='lat' dir='ltr'>potius</span> <span class='ocrx_word' id='word_1_222' title='bbox 822 2397 994 2453; x_wconf 90' lang='lat' dir='ltr'>quam</span> <span class='ocrx_word' id='word_1_223' title='bbox 1041 2382 1128 2440; x_wconf 91' lang='lat' dir='ltr'>rei</span> <span class='ocrx_word' id='word_1_224' title='bbox 1172 2381 1440 2453; x_wconf 89' lang='lat' dir='ltr'>publicae</span> <span class='ocrx_word' id='word_1_225' title='bbox 1489 2382 1821 2440; x_wconf 85' lang='lat' dir='ltr'>calamitate</span> <span class='ocrx_word' id='word_1_226' title='bbox 1867 2382 2176 2439; x_wconf 88' lang='lat' dir='ltr'>ementitus</span> <span class='ocrx_word' id='word_1_227' title='bbox 2222 2396 2285 2438; x_wconf 90' lang='lat' dir='ltr'>es</span> 
     </span>
     <span class='ocr_line' id='line_1_25' title="bbox 73 2469 2285 2543; baseline 0 -19"><span class='ocrx_word' id='word_1_228' title='bbox 73 2469 361 2541; x_wconf 88' lang='lat' dir='ltr'>auspicia,</span> <span class='ocrx_word' id='word_1_229' title='bbox 408 2469 764 2526; x_wconf 89' lang='lat' dir='ltr'>obstrinxisti</span> <span class='ocrx_word' id='word_1_230' title='bbox 807 2469 1086 2543; x_wconf 86' lang='lat' dir='ltr'>religione</span> <span class='ocrx_word' id='word_1_231' title='bbox 1124 2469 1400 2542; x_wconf 90' lang='lat' dir='ltr'>populum</span> <span class='ocrx_word' id='word_1_232' title='bbox 1431 2469 1786 2543; x_wconf 86' lang='lat' dir='ltr'>Romanum,</span> <span class='ocrx_word' id='word_1_233' title='bbox 1832 2485 2018 2541; x_wconf 90' lang='lat' dir='ltr'>augur</span> <span class='ocrx_word' id='word_1_234' title='bbox 2061 2469 2285 2543; x_wconf 87' lang='lat' dir='ltr'>auguri,</span> 
     </span>
     <span class='ocr_line' id='line_1_26' title="bbox 1 2551 2395 2640; baseline 0 -28"><span class='ocrx_word' id='word_1_235' title='bbox 1 2551 2 2640; x_wconf 38' lang='grc' dir='ltr'><strong>ᾗ</strong></span> <span class='ocrx_word' id='word_1_236' title='bbox 72 2557 270 2613; x_wconf 88' lang='lat' dir='ltr'>consul</span> <span class='ocrx_word' id='word_1_237' title='bbox 304 2557 524 2614; x_wconf 91' lang='lat' dir='ltr'>consuli</span> <span class='ocrx_word' id='word_1_238' title='bbox 558 2557 930 2615; x_wconf 88' lang='lat' dir='ltr'>obnuntiasti.</span> <span class='ocrx_word' id='word_1_239' title='bbox 1020 2557 1169 2616; x_wconf 90' lang='lat' dir='ltr'>Nolo</span> <span class='ocrx_word' id='word_1_240' title='bbox 1197 2558 1365 2630; x_wconf 88' lang='lat' dir='ltr'>plura</span> <span class='ocrx_word' id='word_1_241' title='bbox 1383 2602 1397 2631; x_wconf 92' lang='lat'>,</span> <span class='ocrx_word' id='word_1_242' title='bbox 1443 2574 1517 2615; x_wconf 92' lang='lat' dir='ltr'>ne</span> <span class='ocrx_word' id='word_1_243' title='bbox 1549 2562 1681 2615; x_wconf 92' lang='lat' dir='ltr'>acta</span> <span class='ocrx_word' id='word_1_244' title='bbox 1710 2555 2055 2616; x_wconf 90' lang='lat' dir='ltr'>Dolabellae</span> <span class='ocrx_word' id='word_1_245' title='bbox 2085 2556 2287 2613; x_wconf 90' lang='lat' dir='ltr'>videar</span> <span class='ocrx_word' id='word_1_246' title='bbox 2392 2581 2395 2582; x_wconf 39' lang='lat'><em>⁷</em></span> 
     </span>
     <span class='ocr_line' id='line_1_27' title="bbox 1 2644 2283 2722; baseline 0 -22"><span class='ocrx_word' id='word_1_247' title='bbox 1 2649 2 2668; x_wconf 72' lang='lat'><em>²</em></span> <span class='ocrx_word' id='word_1_248' title='bbox 71 2645 433 2716; x_wconf 88' lang='lat' dir='ltr'>convellere,</span> <span class='ocrx_word' id='word_1_249' title='bbox 491 2660 640 2716; x_wconf 91' lang='lat' dir='ltr'>quae</span> <span class='ocrx_word' id='word_1_250' title='bbox 700 2660 943 2704; x_wconf 91' lang='lat' dir='ltr'>necesse</span> <span class='ocrx_word' id='word_1_251' title='bbox 1002 2649 1094 2704; x_wconf 91' lang='lat' dir='ltr'>est</span> <span class='ocrx_word' id='word_1_252' title='bbox 1123 2644 1455 2722; x_wconf 31' lang='lat' dir='ltr'>‚aliquando</span> <span class='ocrx_word' id='word_1_253' title='bbox 1519 2645 1593 2702; x_wconf 89' lang='lat' dir='ltr'>ad</span> <span class='ocrx_word' id='word_1_254' title='bbox 1654 2650 1912 2702; x_wconf 89' lang='lat' dir='ltr'>nostrum</span> <span class='ocrx_word' id='word_1_255' title='bbox 1959 2644 2283 2717; x_wconf 87' lang='lat' dir='ltr'>conlegium</span> 
     </span>
     <span class='ocr_line' id='line_1_28' title="bbox 66 2730 2386 2806; baseline 0 -18"><span class='ocrx_word' id='word_1_256' title='bbox 66 2730 430 2791; x_wconf 88' lang='lat' dir='ltr'>deferantur.</span> <span class='ocrx_word' id='word_1_257' title='bbox 520 2731 635 2790; x_wconf 87' lang='lat' dir='ltr'>Sed</span> <span class='ocrx_word' id='word_1_258' title='bbox 681 2732 1082 2805; x_wconf 87' lang='lat' dir='ltr'>adrogantiam</span> <span class='ocrx_word' id='word_1_259' title='bbox 1121 2732 1371 2791; x_wconf 90' lang='lat' dir='ltr'>hominis</span> <span class='ocrx_word' id='word_1_260' title='bbox 1405 2732 1888 2806; x_wconf 89' lang='lat' dir='ltr'>insolentiamque</span> <span class='ocrx_word' id='word_1_261' title='bbox 1936 2732 2282 2805; x_wconf 87' lang='lat' dir='ltr'>cognoscite.</span> <span class='ocrx_word' id='word_1_262' title='bbox 2304 2731 2386 2788; x_wconf 89' lang='grc'>84</span> 
     </span>
     <span class='ocr_line' id='line_1_29' title="bbox 1 2818 2282 2894; baseline -0 -17"><span class='ocrx_word' id='word_1_263' title='bbox 1 2823 2 2826; x_wconf 75' lang='grc'>’</span> <span class='ocrx_word' id='word_1_264' title='bbox 66 2818 251 2889; x_wconf 80' lang='lat' dir='ltr'>Quam</span> <span class='ocrx_word' id='word_1_265' title='bbox 296 2819 394 2878; x_wconf 92' lang='lat' dir='ltr'>diu</span> <span class='ocrx_word' id='word_1_266' title='bbox 438 2823 503 2876; x_wconf 91' lang='lat' dir='ltr'>tu</span> <span class='ocrx_word' id='word_1_267' title='bbox 548 2822 740 2894; x_wconf 79' lang='lat' dir='ltr'>voleS,</span> <span class='ocrx_word' id='word_1_268' title='bbox 785 2821 1027 2879; x_wconf 85' lang='lat' dir='ltr'>vitiosus</span> <span class='ocrx_word' id='word_1_269' title='bbox 1058 2822 1256 2878; x_wconf 90' lang='lat' dir='ltr'>consul</span> <span class='ocrx_word' id='word_1_270' title='bbox 1286 2820 1625 2879; x_wconf 86' lang='lat' dir='ltr'>Dolabella:</span> <span class='ocrx_word' id='word_1_271' title='bbox 1674 2837 1898 2893; x_wconf 89' lang='lat' dir='ltr'>rursus,</span> <span class='ocrx_word' id='word_1_272' title='bbox 1947 2836 2074 2877; x_wconf 91' lang='lat' dir='ltr'>cum</span> <span class='ocrx_word' id='word_1_273' title='bbox 2104 2819 2282 2892; x_wconf 81' lang='lat' dir='ltr'>voleS,</span> 
     </span>
     <span class='ocr_line' id='line_1_30' title="bbox 61 2897 2390 2983; baseline -0.001 -18"><span class='ocrx_word' id='word_1_274' title='bbox 61 2909 244 2966; x_wconf 85' lang='lat' dir='ltr'>salvis</span> <span class='ocrx_word' id='word_1_275' title='bbox 291 2908 564 2981; x_wconf 88' lang='lat' dir='ltr'>auspiciis</span> <span class='ocrx_word' id='word_1_276' title='bbox 611 2913 857 2967; x_wconf 88' lang='lat' dir='ltr'>creatus.</span> <span class='ocrx_word' id='word_1_277' title='bbox 948 2906 1009 2966; x_wconf 87' lang='lat' dir='ltr'>Si</span> <span class='ocrx_word' id='word_1_278' title='bbox 1048 2907 1193 2966; x_wconf 91' lang='lat' dir='ltr'>nihil</span> <span class='ocrx_word' id='word_1_279' title='bbox 1240 2914 1356 2983; x_wconf 90' lang='lat' dir='ltr'>est,</span> <span class='ocrx_word' id='word_1_280' title='bbox 1398 2925 1526 2966; x_wconf 92' lang='lat' dir='ltr'>cum</span> <span class='ocrx_word' id='word_1_281' title='bbox 1571 2924 1756 2981; x_wconf 87' lang='lat' dir='ltr'>augur</span> <span class='ocrx_word' id='word_1_282' title='bbox 1787 2909 1858 2965; x_wconf 90' lang='lat' dir='ltr'>iis</span> <span class='ocrx_word' id='word_1_283' title='bbox 1899 2906 2092 2965; x_wconf 80' lang='lat' dir='ltr'>&#39;verbis</span> <span class='ocrx_word' id='word_1_284' title='bbox 2137 2924 2282 2964; x_wconf 90' lang='lat' dir='ltr'>nun·</span> <span class='ocrx_word' id='word_1_285' title='bbox 2299 2897 2390 2964; x_wconf 83' lang='lat'>34</span> 
     </span>
     <span class='ocr_line' id='line_1_31' title="bbox 60 2991 2282 3071; baseline 0.001 -20"><span class='ocrx_word' id='word_1_286' title='bbox 60 2996 205 3069; x_wconf 88' lang='lat' dir='ltr'>tiat,</span> <span class='ocrx_word' id='word_1_287' title='bbox 265 2995 473 3067; x_wconf 90' lang='lat' dir='ltr'>quibus</span> <span class='ocrx_word' id='word_1_288' title='bbox 532 3001 596 3053; x_wconf 90' lang='lat' dir='ltr'>tu</span> <span class='ocrx_word' id='word_1_289' title='bbox 652 2997 959 3071; x_wconf 87' lang='lat' dir='ltr'>nuntiasti,</span> <span class='ocrx_word' id='word_1_290' title='bbox 1020 2996 1296 3055; x_wconf 87' lang='lat' dir='ltr'>confitere</span> <span class='ocrx_word' id='word_1_291' title='bbox 1358 3002 1418 3055; x_wconf 88' lang='lat' dir='ltr'>te</span> <span class='ocrx_word' id='word_1_292' title='bbox 1437 3042 1452 3071; x_wconf 99' lang='lat'>,</span> <span class='ocrx_word' id='word_1_293' title='bbox 1515 3012 1644 3054; x_wconf 91' lang='lat' dir='ltr'>cum</span> <span class='ocrx_word' id='word_1_294' title='bbox 1702 2995 1845 3054; x_wconf 90' lang='lat' dir='ltr'>‘alio</span> <span class='ocrx_word' id='word_1_295' title='bbox 1883 2991 2003 3054; x_wconf 90' lang='lat' dir='ltr'>die&#39;</span> <span class='ocrx_word' id='word_1_296' title='bbox 2049 2994 2282 3069; x_wconf 88' lang='lat' dir='ltr'>dixeris,</span> 
     </span>
     <span class='ocr_line' id='line_1_32' title="bbox 56 3080 2376 3157; baseline -0.001 -16"><span class='ocrx_word' id='word_1_297' title='bbox 56 3083 323 3142; x_wconf 88' lang='lat' dir='ltr'>sobrium</span> <span class='ocrx_word' id='word_1_298' title='bbox 370 3101 484 3142; x_wconf 92' lang='lat' dir='ltr'>non</span> <span class='ocrx_word' id='word_1_299' title='bbox 529 3080 739 3157; x_wconf 82' lang='lat' dir='ltr'>fuisse3</span> <span class='ocrx_word' id='word_1_300' title='bbox 804 3085 893 3141; x_wconf 90' lang='lat' dir='ltr'>sin</span> <span class='ocrx_word' id='word_1_301' title='bbox 956 3090 1046 3143; x_wconf 90' lang='lat' dir='ltr'>est</span> <span class='ocrx_word' id='word_1_302' title='bbox 1092 3085 1289 3157; x_wconf 89' lang='lat' dir='ltr'>aliqua</span> <span class='ocrx_word' id='word_1_303' title='bbox 1331 3085 1416 3142; x_wconf 84' lang='lat' dir='ltr'>vis</span> <span class='ocrx_word' id='word_1_304' title='bbox 1459 3085 1522 3141; x_wconf 90' lang='lat' dir='ltr'>in</span> <span class='ocrx_word' id='word_1_305' title='bbox 1562 3084 1688 3143; x_wconf 92' lang='lat' dir='ltr'>istis</span> <span class='ocrx_word' id='word_1_306' title='bbox 1733 3084 1957 3157; x_wconf 79' lang='lat' dir='ltr'>verbiS,</span> <span class='ocrx_word' id='word_1_307' title='bbox 2018 3098 2089 3142; x_wconf 92' lang='lat' dir='ltr'>ea</span> <span class='ocrx_word' id='word_1_308' title='bbox 2133 3099 2283 3156; x_wconf 89' lang='lat' dir='ltr'>quae</span> <span class='ocrx_word' id='word_1_309' title='bbox 2373 3134 2376 3137; x_wconf 84' lang='lat'>.</span> 
     </span>
     <span class='ocr_line' id='line_1_33' title="bbox 56 3165 1060 3246; baseline 0.001 -18"><span class='ocrx_word' id='word_1_310' title='bbox 56 3172 130 3229; x_wconf 86' lang='lat' dir='ltr'>sit</span> <span class='ocrx_word' id='word_1_311' title='bbox 147 3217 164 3246; x_wconf 90' lang='lat'>,</span> <span class='ocrx_word' id='word_1_312' title='bbox 219 3188 405 3245; x_wconf 88' lang='lat' dir='ltr'>augur</span> <span class='ocrx_word' id='word_1_313' title='bbox 448 3187 483 3228; x_wconf 90' lang='lat' dir='ltr'>a</span> <span class='ocrx_word' id='word_1_314' title='bbox 531 3165 771 3244; x_wconf 80' lang='lat' dir='ltr'>conlega</span> <span class='ocrx_word' id='word_1_315' title='bbox 813 3173 1060 3245; x_wconf 89' lang='lat' dir='ltr'>requiro.</span> 
     </span>
     <span class='ocr_line' id='line_1_34' title="bbox 241 3258 2287 3332; baseline -0.001 -15"><span class='ocrx_word' id='word_1_316' title='bbox 241 3259 360 3317; x_wconf 87' lang='lat' dir='ltr'>Sed</span> <span class='ocrx_word' id='word_1_317' title='bbox 422 3275 498 3317; x_wconf 89' lang='lat' dir='ltr'>ne</span> <span class='ocrx_word' id='word_1_318' title='bbox 557 3259 708 3318; x_wconf 89' lang='lat' dir='ltr'>forte</span> <span class='ocrx_word' id='word_1_319' title='bbox 769 3277 839 3317; x_wconf 89' lang='lat' dir='ltr'>ex</span> <span class='ocrx_word' id='word_1_320' title='bbox 909 3261 1101 3318; x_wconf 78' lang='lat' dir='ltr'>multis</span> <span class='ocrx_word' id='word_1_321' title='bbox 1169 3260 1346 3319; x_wconf 89' lang='lat' dir='ltr'>rebus</span> <span class='ocrx_word' id='word_1_322' title='bbox 1400 3260 1580 3332; x_wconf 90' lang='lat' dir='ltr'>gestis</span> <span class='ocrx_word' id='word_1_323' title='bbox 1632 3258 1870 3318; x_wconf 89' lang='lat' dir='ltr'>Antonii</span> <span class='ocrx_word' id='word_1_324' title='bbox 1928 3276 2054 3317; x_wconf 92' lang='lat' dir='ltr'>rem</span> <span class='ocrx_word' id='word_1_325' title='bbox 2113 3272 2287 3315; x_wconf 90' lang='lat' dir='ltr'>unam</span> 
     </span>
     <span class='ocr_line' id='line_1_35' title="bbox 50 3345 2287 3422; baseline -0 -17"><span class='ocrx_word' id='word_1_326' title='bbox 50 3346 514 3418; x_wconf 84' lang='lat' dir='ltr'>pulcherrimam</span> <span class='ocrx_word' id='word_1_327' title='bbox 572 3348 865 3407; x_wconf 87' lang='lat' dir='ltr'>transiliat</span> <span class='ocrx_word' id='word_1_328' title='bbox 920 3349 1107 3407; x_wconf 89' lang='lat' dir='ltr'>oratio</span> <span class='ocrx_word' id='word_1_329' title='bbox 1124 3393 1139 3422; x_wconf 98' lang='lat'>,</span> <span class='ocrx_word' id='word_1_330' title='bbox 1222 3348 1296 3406; x_wconf 89' lang='lat' dir='ltr'>ad</span> <span class='ocrx_word' id='word_1_331' title='bbox 1344 3347 1688 3422; x_wconf 88' lang='lat' dir='ltr'>Lupercalia</span> <span class='ocrx_word' id='word_1_332' title='bbox 1748 3348 2066 3407; x_wconf 80' lang='lat' dir='ltr'>veniamus,</span> <span class='ocrx_word' id='word_1_333' title='bbox 2155 3345 2287 3404; x_wconf 89' lang='lat' dir='ltr'>Non</span> 
     </span>
    </p>
   </div>
   <div class='ocr_carea' id='block_1_3' title="bbox 55 3473 464 3482">
    <p class='ocr_par' dir='ltr' id='par_1_3' title="bbox 55 3473 464 3482">
     <span class='ocr_line' id='line_1_36' title="bbox 55 3473 464 3482; baseline 0 872"><span class='ocrx_word' id='word_1_334' title='bbox 55 3473 464 3482; x_wconf 95' lang='lat' dir='ltr'> </span> 
     </span>
    </p>
   </div>
   <div class='ocr_carea' id='block_1_4' title="bbox 33 3532 2287 3945">
    <p class='ocr_par' dir='ltr' id='par_1_4' title="bbox 33 3532 2287 3945">
     <span class='ocr_line' id='line_1_37' title="bbox 241 3532 2287 3605; baseline -0.001 -16"><span class='ocrx_word' id='word_1_335' title='bbox 241 3538 297 3604; x_wconf 88' lang='grc'>1)</span> <span class='ocrx_word' id='word_1_336' title='bbox 338 3535 427 3589; x_wconf 86' lang='lat' dir='ltr'>Sic</span> <span class='ocrx_word' id='word_1_337' title='bbox 464 3535 638 3592; x_wconf 89' lang='lat' dir='ltr'>Vatic.</span> <span class='ocrx_word' id='word_1_338' title='bbox 655 3578 669 3604; x_wconf 88' lang='lat'><strong>‚</strong></span> <span class='ocrx_word' id='word_1_339' title='bbox 720 3536 878 3605; x_wconf 87' lang='lat' dir='ltr'>vulgo</span> <span class='ocrx_word' id='word_1_340' title='bbox 927 3554 989 3590; x_wconf 84' lang='lat' dir='ltr'>ex</span> <span class='ocrx_word' id='word_1_341' title='bbox 1035 3537 1167 3590; x_wconf 85' lang='lat' dir='ltr'>dett.</span> <span class='ocrx_word' id='word_1_342' title='bbox 1219 3533 1370 3589; x_wconf 87' lang='lat' dir='ltr'>codd.</span> <span class='ocrx_word' id='word_1_343' title='bbox 1409 3534 1606 3603; x_wconf 77' lang='lat' dir='ltr'>Atque.</span> <span class='ocrx_word' id='word_1_344' title='bbox 1821 3535 1876 3602; x_wconf 82' lang='lat'>2)</span> <span class='ocrx_word' id='word_1_345' title='bbox 1929 3532 2287 3589; x_wconf 74' lang='lat' dir='ltr'>renumtiatur</span> 
     </span>
     <span class='ocr_line' id='line_1_38' title="bbox 47 3605 2284 3676; baseline -0 -17"><span class='ocrx_word' id='word_1_346' title='bbox 47 3606 356 3662; x_wconf 84' lang='lat' dir='ltr'>delendum</span> <span class='ocrx_word' id='word_1_347' title='bbox 421 3622 538 3660; x_wconf 85' lang='lat' dir='ltr'>esse</span> <span class='ocrx_word' id='word_1_348' title='bbox 609 3606 948 3675; x_wconf 86' lang='lat' dir='ltr'>suspicantur</span> <span class='ocrx_word' id='word_1_349' title='bbox 1012 3605 1292 3668; x_wconf 82' lang='lat' dir='ltr'>Garatoni,</span> <span class='ocrx_word' id='word_1_350' title='bbox 1375 3606 1595 3676; x_wconf 85' lang='lat' dir='ltr'>Zumpt,</span> <span class='ocrx_word' id='word_1_351' title='bbox 1659 3605 1908 3673; x_wconf 85' lang='lat' dir='ltr'>Madvig,</span> <span class='ocrx_word' id='word_1_352' title='bbox 1973 3605 2284 3658; x_wconf 87' lang='lat' dir='ltr'>Mommsen.</span> 
     </span>
     <span class='ocr_line' id='line_1_39' title="bbox 42 3674 2284 3743; baseline -0.002 -11"><span class='ocrx_word' id='word_1_353' title='bbox 42 3680 94 3743; x_wconf 85' lang='lat'>3)</span> <span class='ocrx_word' id='word_1_354' title='bbox 143 3678 246 3732; x_wconf 87' lang='lat' dir='ltr'>Sic</span> <span class='ocrx_word' id='word_1_355' title='bbox 284 3675 464 3741; x_wconf 87' lang='lat' dir='ltr'>codd.;</span> <span class='ocrx_word' id='word_1_356' title='bbox 516 3675 938 3731; x_wconf 72' lang='lat' dir='ltr'>Renuntiantur</span> <span class='ocrx_word' id='word_1_357' title='bbox 976 3676 1186 3740; x_wconf 78' lang='lat' dir='ltr'>deinde,</span> <span class='ocrx_word' id='word_1_358' title='bbox 1239 3683 1302 3730; x_wconf 76' lang='lat' dir='ltr'>ut</span> <span class='ocrx_word' id='word_1_359' title='bbox 1338 3677 1559 3740; x_wconf 79' lang='lat' dir='ltr'>assolet,</span> <span class='ocrx_word' id='word_1_360' title='bbox 1605 3676 1882 3743; x_wconf 62' lang='lat' dir='ltr'>suffragia</span> <span class='ocrx_word' id='word_1_361' title='bbox 1925 3676 2060 3729; x_wconf 92' lang='lat' dir='ltr'>coni.</span> <span class='ocrx_word' id='word_1_362' title='bbox 2097 3674 2284 3742; x_wconf 82' lang='lat' dir='ltr'>Peter;</span> 
     </span>
     <span class='ocr_line' id='line_1_40' title="bbox 40 3744 2283 3816; baseline -0.002 -14"><span class='ocrx_word' id='word_1_363' title='bbox 40 3747 282 3816; x_wconf 69' lang='lat' dir='ltr'>deinde,</span> <span class='ocrx_word' id='word_1_364' title='bbox 331 3752 394 3799; x_wconf 79' lang='lat' dir='ltr'>ut</span> <span class='ocrx_word' id='word_1_365' title='bbox 429 3746 655 3813; x_wconf 76' lang='lat' dir='ltr'>assolet,</span> <span class='ocrx_word' id='word_1_366' title='bbox 710 3746 756 3802; x_wconf 73' lang='lat' dir='ltr'>it</span> <span class='ocrx_word' id='word_1_367' title='bbox 790 3749 1166 3815; x_wconf 71' lang='lat' dir='ltr'>suffrayatum</span> <span class='ocrx_word' id='word_1_368' title='bbox 1202 3746 1444 3801; x_wconf 71' lang='lat' dir='ltr'>secunda</span> <span class='ocrx_word' id='word_1_369' title='bbox 1479 3745 1670 3799; x_wconf 76' lang='lat' dir='ltr'>classis</span> <span class='ocrx_word' id='word_1_370' title='bbox 1707 3746 1938 3800; x_wconf 90' lang='lat' dir='ltr'>Urlichs.</span> <span class='ocrx_word' id='word_1_371' title='bbox 2010 3744 2283 3799; x_wconf 86' lang='lat' dir='ltr'>Excidisse</span> 
     </span>
     <span class='ocr_line' id='line_1_41' title="bbox 34 3816 2282 3942; baseline -0.002 -70"><span class='ocrx_word' id='word_1_372' title='bbox 34 3834 347 3942; x_wconf 53' lang='lat' dir='ltr'>numemvnglr</span> <span class='ocrx_word' id='word_1_373' title='bbox 367 3820 493 3942; x_wconf 58' lang='lat' dir='ltr'>agte</span> <span class='ocrx_word' id='word_1_374' title='bbox 518 3817 792 3886; x_wconf 75' lang='lat' dir='ltr'>suffrayia</span> <span class='ocrx_word' id='word_1_375' title='bbox 817 3819 903 3872; x_wconf 86' lang='lat' dir='ltr'>vel</span> <span class='ocrx_word' id='word_1_376' title='bbox 925 3818 1007 3872; x_wconf 92' lang='lat' dir='ltr'>VI</span> <span class='ocrx_word' id='word_1_377' title='bbox 1033 3818 1117 3873; x_wconf 89' lang='lat' dir='ltr'>vel</span> <span class='ocrx_word' id='word_1_378' title='bbox 1142 3817 1249 3872; x_wconf 92' lang='lat' dir='ltr'>XII</span> <span class='ocrx_word' id='word_1_379' title='bbox 1283 3817 1575 3872; x_wconf 87' lang='lat' dir='ltr'>verisimile</span> <span class='ocrx_word' id='word_1_380' title='bbox 1602 3820 1711 3886; x_wconf 87' lang='lat' dir='ltr'>est,</span> <span class='ocrx_word' id='word_1_381' title='bbox 1749 3817 1844 3871; x_wconf 88' lang='lat' dir='ltr'>cfr.</span> <span class='ocrx_word' id='word_1_382' title='bbox 1872 3816 2055 3870; x_wconf 89' lang='lat' dir='ltr'>Halmi</span> <span class='ocrx_word' id='word_1_383' title='bbox 2081 3832 2282 3869; x_wconf 61' lang='lat' dir='ltr'>excursu</span> 
     </span>
     <span class='ocr_line' id='line_1_42' title="bbox 33 3888 618 3945; baseline 0.002 -2"><span class='ocrx_word' id='word_1_384' title='bbox 33 3891 91 3944; x_wconf 93' lang='lat' dir='ltr'>in</span> <span class='ocrx_word' id='word_1_385' title='bbox 137 3888 239 3945; x_wconf 83' lang='lat' dir='ltr'>ed.</span> <span class='ocrx_word' id='word_1_386' title='bbox 348 3888 399 3943; x_wconf 90' lang='lat' dir='ltr'>ei</span> <span class='ocrx_word' id='word_1_387' title='bbox 438 3904 618 3945; x_wconf 87' lang='lat' dir='ltr'>mann.</span> 
     </span>
    </p>
   </div>
  </div>
 </body>
</html>
