2669 4354
719 258 800 296 1111
845 257 1099 298 nummo
1143 257 1235 299 on.
1270 258 1511 298 pompm.
2145 241 2225 298 63

75 423 144 480 Cn.
182 424 436 498 Pompeio
496 428 690 485 omnia
736 428 1059 502 poneretis,
1113 430 1162 485 si
1203 429 1340 500 quid
1396 445 1467 487 eo
1512 428 1726 488 factum
1771 435 1954 503 esset,
2010 430 2074 486 in
2117 446 2229 501 quo

72 528 190 584 spem
238 515 437 571 essetis
488 514 770 589 habituri,
831 517 990 588 cepit
1045 532 1312 588 magnum
1373 534 1511 575 suae
1574 519 1803 576 virtutis
1861 516 2111 575 fructum
2160 534 2230 575 ac

72 600 342 674 dignitatis,
389 614 519 659 cum
565 619 766 661 omnes
811 619 925 661 una
970 621 1150 678 prope
1195 621 1337 662 voce
1381 606 1439 661 in
1482 607 1608 678 ipso
1637 600 1686 686 1)
1730 622 1832 663 vos
1876 622 2036 677 spem
2066 605 2231 662 habi-

72 692 183 746 turos
233 705 353 747 esse
414 690 656 748 dixistis.
745 691 978 750 Etenim
1033 693 1167 750 talis
1208 699 1297 750 est
1346 694 1461 767 vir,
1502 697 1567 751 ut
1605 694 1762 751 nulla
1806 710 1901 751 res
1945 698 2110 750 tanta
2154 695 2230 751 sit

71 791 117 831 ac
147 783 245 834 tam
286 775 562 850 difficilis,
611 795 784 850 quam
826 780 927 837 ille
973 797 1089 838 non
1136 786 1197 837 et
1240 781 1481 840 consilio
1528 797 1738 854 regere
1786 787 1846 839 et
1890 781 2228 853 integritate

70 864 177 920 tueri
229 869 283 922 et
333 867 549 923 virtute
608 865 893 925 conficere
949 869 1145 939 possit.
1236 868 1354 927 Sed
1397 869 1461 928 in
1503 869 1614 926 hoc
1657 871 1784 943 ipso
1828 869 1901 926 ab
1949 884 2019 925 eo
2057 869 2234 927 vehe-

68 953 360 1011 mentissime
429 954 739 1028 dissentiO,
815 955 992 1029 quod,
1051 973 1162 1028 quo
1223 957 1411 1013 minus
1473 962 1638 1015 certa
1690 964 1780 1015 est
1823 957 2116 1013 hominum
2160 972 2230 1013 ac

68 1040 203 1096 minus
250 1042 529 1099 diuturna
578 1043 727 1115 vita,
785 1043 893 1100 hoc
947 1045 1130 1117 magis
1173 1061 1270 1102 res
1306 1046 1570 1119 publica,
1615 1045 1749 1102 dum
1793 1062 1900 1117 per
1942 1045 2082 1102 deos
2124 1044 2232 1101 im-

67 1129 279 1187 mortales
333 1131 508 1204 licet,
570 1129 687 1187 frui
743 1129 921 1189 debet
975 1132 1181 1189 summi
1232 1132 1345 1190 viri
1401 1134 1523 1192 vita
1581 1137 1755 1204 atque
1809 1134 2041 1191 virtute.
2151 1133 2230 1190 At
2252 1131 2334 1188 60

68 1216 176 1271 enim
216 1217 305 1275 ‘ne
351 1218 495 1290 quid
539 1219 672 1275 novi
715 1215 819 1277 fiat
863 1225 1067 1277 contra
1113 1221 1382 1292 exempla
1411 1227 1584 1293 atque
1616 1221 1882 1278 instituta
1911 1216 2231 1279 maiorum.’

68 1301 161 1361 Non
202 1303 378 1362 dicam
441 1307 553 1364 1100
607 1307 733 1364 1000
795 1307 1042 1365 maiores
1087 1313 1315 1366 nostros
1358 1326 1587 1381 semper
1630 1311 1692 1366 in
1736 1326 1881 1382 pace
1926 1314 2229 1367 consuetu-

69 1389 178 1464 dini,
225 1395 280 1450 in
336 1392 495 1451 bello
544 1395 780 1452 utilitati
838 1396 1130 1469 paruisse,
1187 1412 1418 1469 semper
1462 1398 1535 1454 ad
1581 1413 1756 1455 novos
1801 1413 1970 1454 casus
2011 1403 2232 1469 tempo-

68 1495 158 1535 rum
188 1498 450 1540 novorum
496 1483 861 1540 consiliorum
901 1484 1157 1541 rationes
1202 1484 1697 1557 adcommodasse3
1743 1501 1859 1542 non
1901 1484 2090 1542 dicam
2117 1483 2232 1541 duo

68 1564 180 1624 bella
227 1571 498 1644 maxima,
560 1570 841 1628 Punicum
899 1577 1074 1643 atque
1119 1571 1541 1646 Hispaniense,
1599 1574 1672 1630 ab
1719 1590 1831 1630 uno
1878 1574 2231 1646 imperatore

66 1668 161 1713 esse
210 1659 470 1716 confecta
538 1658 792 1730 duasque
851 1660 1026 1718 urbes
1078 1661 1536 1734 potentissimaS,
1587 1677 1735 1732 quae
1795 1661 1930 1717 huic
1988 1662 2233 1734 imperio

66 1745 257 1802 maxime
296 1745 740 1821 minitabantur,
784 1747 1202 1820 Karthaginem
1246 1755 1423 1821 atque
1455 1749 1828 1807 Numantiam
1846 1792 1861 1821 ,
1907 1747 1981 1805 ab
2029 1748 2232 1806 eodem

68 1829 277 1903 Scipione
330 1851 464 1894 esse
526 1834 776 1909 deletas3
835 1853 949 1893 non
995 1838 1453 1894 commemorabo
1498 1853 1685 1909 nuper
1723 1837 1807 1893 ita
1851 1835 2010 1893 vobis
2053 1836 2233 1909 patri-

72 1917 239 1990 busque
275 1924 480 1980 vestris
531 1938 660 1980 esse
692 1925 900 1997 visum,
945 1928 1009 1980 ut
1053 1925 1113 1980 111
1155 1941 1267 1981 11110
1299 1924 1362 1981 C.
1391 1924 1581 1981 Mario
1627 1941 1758 1996 spes
1796 1924 2025 1996 imperii
2052 1939 2234 1997 pone-

72 2012 206 2081 retur,
257 2017 315 2067 ut
378 2011 544 2068 idem
606 2027 736 2068 cum
779 2012 1088 2085 Iugurtha,
1158 2011 1313 2069 idem
1374 2030 1500 2069 cum
1548 2012 1823 2085 CimbriS,
1889 2011 2043 2068 idem
2105 2028 2233 2067 cum

74 2091 288 2155 Teutonis
330 2100 554 2157 bellum
595 2098 1059 2157 administraret:
1106 2100 1166 2156 in
1212 2103 1339 2174 ipso
1371 2100 1472 2157 Cn.
1503 2101 1805 2174 Pompeio,
1851 2101 1912 2156 in
1959 2116 2070 2170 quo
2100 2102 2233 2156 novi
2255 2102 2331 2157 61

75 2187 284 2244 constitui
343 2189 494 2246 nihil
563 2189 682 2246 volt
726 2188 791 2259 Q.
839 2189 1106 2262 CatuluS,
1166 2206 1339 2260 quam
1408 2191 1588 2248 multa
1645 2191 1761 2246 sint
1817 2205 1967 2246 nova
2010 2204 2232 2245 summa

76 2269 121 2339 Q.
150 2272 308 2332 Catuli
347 2278 656 2335 voluntate
701 2278 1012 2334 constituta
1054 2277 1457 2336 recordamini.

202 2361 334 2432 Quid
385 2371 514 2423 tam
559 2382 764 2423 novum
825 2381 995 2436 quam
1042 2364 1539 2424 adulescentulum
1583 2365 1865 2437 privatum
1914 2364 2233 2422 exercitum
2251 2358 2337 2426 21

75 2445 242 2508 difficili
281 2456 363 2511 rei
409 2452 682 2526 publicae
726 2459 985 2525 tempore
1032 2451 1362 2513 conficere?
1424 2451 1698 2511 confecit:
1746 2453 1879 2510 huic
1923 2454 2235 2524 praeesse?

73 2539 298 2604 praefuit:
341 2560 463 2600 rem
513 2542 730 2613 optime
760 2539 936 2598 ductu
967 2557 1069 2598 suo
1098 2544 1352 2612 gerere?
1392 2542 1589 2614 gessit.
1678 2540 1825 2610 Quid
1854 2544 1974 2597 tam
2003 2545 2237 2611 praeter

73 2630 489 2688 consuetudinem
550 2645 720 2701 quam
763 2628 984 2686 homini
1028 2629 1526 2702 peradulescenti,
1582 2629 1744 2686 cuius
1790 2633 1951 2685 aetas
1992 2643 2028 2684 a
2067 2643 2235 2685 sena-

74 2713 183 2770 torio
219 2718 388 2786 gradu
430 2721 608 2791 longe
650 2717 915 2790 abesset,
960 2718 1265 2788 imperium
1310 2722 1485 2789 atque
1523 2717 1839 2775 exercitum
1884 2714 2041 2788 dari,
2093 2714 2237 2772 Sici-

75 2797 176 2859 liam
210 2808 453 2876 permitti
509 2812 685 2879 atque
728 2803 987 2863 Africam
1047 2804 1374 2877 bellumque
1420 2806 1481 2862 in
1528 2821 1600 2862 ea
1643 2804 1941 2877 provincia
1959 2798 2010 2883 ²)
2054 2802 2235 2859 admi-

74 2888 414 2951 nistrandum?
503 2895 646 2951 Fuit
674 2894 735 2951 in
766 2893 854 2951 his
900 2893 1209 2964 provinciis
1239 2893 1518 2965 singulari
1547 2891 1895 2965 innocentia,
1931 2891 2236 2963 gravitate,

74 2974 268 3053 virtute3
308 2980 522 3040 bellum
566 2982 628 3039 in
671 2981 872 3039 Africa
911 2981 1220 3038 maximum
1266 2980 1551 3054 confecit,
1594 2981 1872 3038 victorem
1918 2978 2237 3037 exercitum

75 3059 359 3136 deportavit.
447 3069 603 3141 Quid
665 3085 802 3127 vero
859 3074 979 3126 tam
1036 3069 1359 3127 inauditum
1404 3085 1576 3141 quam
1622 3068 1875 3140 equitem
1917 3066 2240 3125 Romanum

76 3150 414 3228 triumphare?
473 3165 535 3216 at
593 3175 722 3216 eam
782 3174 1008 3229 quoque
1071 3174 1197 3215 rem
1254 3158 1500 3230 populus
1551 3157 1842 3214 Romanus
1894 3172 2010 3212 non
2071 3152 2239 3210 modo

75 3238 208 3315 vidit,
253 3246 349 3302 sed
412 3248 664 3304 omnium
687 3241 742 3322 ³)
799 3247 974 3303 etiam
1031 3245 1220 3303 studio
1264 3246 1561 3303 visendam
1615 3250 1678 3301 et
1721 3241 2238 3306 concelebrandam

73 3331 263 3393 putavit.
348 3334 497 3404 Quid
536 3341 653 3393 tam
698 3335 1035 3391 inusitatum
1080 3350 1286 3406 quam,
1329 3350 1458 3390 cum
1498 3333 1609 3390 duo
1639 3332 1904 3389 consules
1935 3330 2337 3389 clarissimi62

72 3408 429 3494 fortissimique
488 3429 710 3496 essent,
759 3427 824 3479 ut
845 3417 900 3502 4)
958 3438 1136 3494 eques
1191 3421 1484 3479 Romanus
1544 3420 1620 3478 ad
1676 3420 1891 3476 bellum
1931 3419 2239 3477 maximum

72 3496 726 3582 formidolosissimumque
780 3527 886 3583 pro
942 3510 1175 3567 consule
1231 3510 1601 3567 mitteretur?
1668 3510 1872 3565 missus
1919 3513 2024 3566 est.
2113 3507 2238 3578 Quo

212 3674 260 3739 1)
284 3676 343 3726 in
376 3693 435 3729 eo
460 3677 581 3744 ipso
619 3675 771 3729 codd.
808 3676 918 3728 fere
953 3690 1154 3740 omneS,
1192 3690 1252 3726 eo
1281 3674 1385 3727 del.
1413 3673 1594 3738 Halm,
1633 3689 1750 3725 uno.
1777 3672 1903 3725 incl.
1937 3670 2239 3734 Eberhard:

72 3747 143 3788 2³⁰8
173 3757 304 3808 spem
340 3746 389 3800 h.
422 3764 462 3803 e.
500 3747 622 3800 incl.
651 3747 812 3799 Bake.
917 3746 970 3814 2)
1000 3744 1289 3812 provincia
1328 3761 1431 3798 o1n.
1470 3743 1620 3796 codd.
1660 3742 1917 3811 plerique.
2002 3743 2055 3809 3)
2093 3742 2243 3793 omni

75 3808 204 3886 Vfllgo
237 3820 408 3869 contra
443 3817 591 3870 codd.
620 3819 755 3885 optt.
836 3817 891 3882 4)
923 3823 983 3868 ut
1020 3815 1174 3869 deest
1209 3816 1265 3867 in
1304 3815 1475 3877 codd„
1513 3814 1612 3867 1100
1647 3814 1764 3866 1000
1801 3812 2032 3864 inseruit
2049 3811 2241 3864 Fleck-

77 3889 217 3943 emen,
253 3888 407 3954 vulgo
444 3887 662 3941 additur
698 3890 822 3954 post
857 3902 1037 3952 quam.
