2669 4354
927 254 1040 294 Pno
1085 255 1137 292 P.
1181 254 1399 293 snsno.
2154 240 2276 297 243

100 460 164 467 —
207 428 345 485 adiit
385 428 567 500 igitur
612 428 678 484 T.
724 427 949 486 Annius
989 426 1062 483 ad
1104 442 1340 484 causam
1384 427 1472 485 rei
1507 427 1774 500 publicae
1814 428 1926 500 sic,
1987 432 2052 484 ut
2095 429 2280 487 civem

95 517 285 587 patriae
336 531 685 588 recuperare
731 515 909 575 vellet
970 521 1232 588 ereptum
1258 509 1325 593 ¹).
1432 515 1685 587 Simplex
1743 531 1948 588 causa,
2010 522 2280 574 constans

93 605 242 677 ratio,
306 604 483 678 plena
534 604 929 662 consensionis
969 604 1255 675 omnium,
1314 603 1492 674 plena
1532 603 1889 661 concordiae.
1993 601 2278 676 Conlegas

92 692 350 750 adiutores
394 692 647 750 habebat
669 688 749 772 ²),
794 691 1043 749 consulis
1089 692 1331 748 alterius
1377 708 1656 747 summum
1702 692 1990 765 studium,
2038 693 2279 749 alterius

93 781 280 838 animus
341 797 528 852 paene
583 781 881 853 placatus;
949 779 1022 837 de
1083 779 1451 852 praetoribus
1509 796 1657 836 unus
1723 780 1977 852 alienus;
2042 785 2277 838 senatus

16 859 23 926 g
90 869 416 926 incredibilis
472 869 739 927 voluntas
758 914 773 942 ,
866 868 1121 941 equitum
1188 867 1578 925 Romanorum
1656 868 1834 925 animi
1907 867 1980 924 ad
2047 884 2277 926 causam

18 961 27 1032 ζ
90 958 331 1030 excitati,
391 963 591 1015 erecta
637 957 824 1015 Italia.
923 955 1057 1014 Duo
1101 955 1210 1013 soli
1256 961 1426 1013 erant
1470 957 1649 1027 empti
1694 956 1768 1013 ad
1821 955 2277 1028 impediendum3

20 1043 27 1054 “
88 1047 166 1115 qui
205 1047 251 1103 si
296 1046 559 1103 homines
603 1045 865 1118 despecti
913 1050 973 1102 et
1018 1045 1331 1117 contempti
1384 1049 1604 1101 tantam
1648 1061 1772 1102 rem
1818 1045 2108 1102 sustinere
2162 1061 2279 1102 non
2313 1036 2322 1042 ’

86 1134 415 1208 potuissent,
475 1150 540 1190 se
588 1150 847 1206 causam,
904 1148 1074 1205 quam
1119 1137 1457 1204 susceperat
1480 1177 1495 1205 ,
1549 1132 1706 1190 nullo
1747 1131 1947 1189 labore
2009 1138 2278 1205 peractu-

22 1293 23 1298 η
86 1238 187 1278 rum
231 1222 485 1280 videbat.
577 1222 807 1295 Agebat
866 1221 1244 1293 auctoritate,
1302 1219 1516 1291 agebat
1574 1221 1839 1294 consilio,
1902 1222 2115 1295 agebat
2173 1239 2281 1294 per

21 1323 31 1350 ε
84 1325 339 1367 summum
382 1308 644 1368 ordinem
666 1356 681 1381 ‚
744 1310 957 1382 agebat
1002 1309 1265 1382 exemplo
1309 1309 1589 1366 bonorum
1645 1325 1712 1366 ac
1758 1307 1992 1366 fortium
2038 1310 2277 1366 civium:

22 1447 23 1466 ,
84 1399 197 1468 quid
239 1416 306 1456 re
351 1398 618 1471 publica,
683 1397 821 1470 quid
882 1414 945 1455 se
990 1397 1223 1471 dignum
1271 1403 1456 1470 esset,
1516 1397 1643 1469 quis
1703 1398 1828 1469 ipse
1893 1402 2079 1470 esset,
2141 1397 2279 1469 quid

22 1469 29 1534 ἓ
83 1501 327 1560 sperare,
402 1484 541 1559 quid
605 1486 917 1543 maioribus
985 1486 1102 1542 suis
1168 1485 1418 1543 reddere
1488 1485 1760 1558 deberet,
1837 1485 2277 1557 diligentissime

82 1574 371 1646 cogitabat.

229 1663 386 1720 Huic
428 1663 706 1735 gravitati
749 1662 993 1720 hominis
1034 1662 1270 1720 videbat
1314 1662 1414 1719 ille
1461 1661 1748 1733 gladiator
1793 1678 1886 1734 se,
1931 1662 1978 1718 si
2023 1662 2277 1719 moribus
2295 1668 2382 1733 41

20 1757 29 1808 ἓ
81 1757 293 1825 ageret,
367 1768 570 1823 parem
618 1768 744 1809 esse
791 1766 907 1807 non
952 1765 1154 1822 posse:
1215 1751 1290 1809 ad
1334 1749 1553 1807 ferrum
1592 1747 1751 1807 faces
1774 1744 1859 1830 3),
1923 1750 1995 1807 ad
2038 1750 2276 1808 cotidia-
2297 1763 2378 1819 88

81 1854 190 1895 nam
236 1838 514 1912 caedem,
566 1838 863 1912 incendia,
926 1839 1163 1910 rapinas
1224 1856 1286 1896 se
1344 1854 1473 1894 cum
1529 1838 1787 1895 exercitu
1845 1854 1947 1893 suo
2007 1839 2277 1896 contulit:

78 1925 283 1985 domum
330 1943 697 2001 oppugnare,
759 1927 1065 1985 itineribus
1110 1942 1445 1999 occurrere,
1503 1926 1560 1983 vi
1605 1926 1894 1983 lacessere
1943 1931 2004 1985 et
2048 1930 2272 1984 terrere

79 2018 257 2087 coepit.
352 2016 408 2073 N
411 2033 487 2073 on
546 2016 722 2073 movit
780 2015 1068 2072 hominem
1130 2032 1351 2072 summa
1401 2014 1687 2087 gravitate
1752 2031 2081 2087 summaque
2144 2031 2277 2072 con-

77 2106 300 2179 stantia,
361 2104 496 2177 sed,
558 2119 900 2176 quamquam
950 2103 1114 2161 dolor
1158 2104 1369 2176 animi,
1429 2104 1630 2160 innata
1688 2102 1956 2177 libertaS,
2013 2109 2278 2175 prompta

79 2194 464 2265 excellensque
508 2194 688 2250 virtus
737 2192 1106 2250 fortissimum
1152 2193 1342 2250 virum
1386 2192 1758 2264 hortabatur,
1818 2193 1874 2247 vi
1920 2194 2060 2266 vim,
2120 2192 2281 2250 obla-

80 2285 175 2338 tam
227 2282 582 2354 praesertim
630 2281 892 2354 saepiuS,
949 2287 1014 2338 ut
1051 2280 1351 2354 frangeret
1397 2286 1459 2339 et
1499 2278 1813 2353 refutaret,
1875 2284 2039 2339 tanta
2082 2281 2279 2338 mode-

12 2426 13 2431 ,
81 2371 206 2428 ratio
273 2370 389 2427 fuit
450 2370 728 2442 hominiS,
803 2373 1027 2426 tantum
1096 2370 1427 2442 consilium,
1500 2372 1566 2425 ut
1632 2368 1958 2427 contineret
2024 2369 2279 2427 dolorem

12 2514 13 2519 ,
81 2472 245 2530 neque
296 2457 506 2516 eadem
551 2475 613 2515 se
658 2474 724 2515 re
764 2457 1170 2531 ulcisceretur,
1215 2473 1328 2528 qua
1377 2463 1532 2514 esset
1574 2458 1909 2530 lacessituS,
1974 2458 2076 2515 sed
2120 2458 2281 2515 illum

10 2558 21 2625 p
82 2550 150 2602 tot
187 2549 310 2605 iam
356 2547 419 2604 in
464 2545 765 2604 funeribus
823 2546 912 2601 rei
972 2546 1234 2617 publicae
1297 2546 1681 2602 exsultantem
1740 2561 1809 2602 ac
1867 2545 2281 2617 tripudiantem

10 2648 19 2721 Ι
76 2632 280 2709 legum,
334 2635 382 2692 si
428 2640 652 2708 posset,
715 2634 936 2705 laqueis
983 2634 1420 2705 constringeret.
1526 2633 1847 2691 Descendit
1892 2633 1965 2690 ad
2009 2649 2281 2692 accusan-
2301 2646 2381 2702 89

12 2778 17 2795 ,
76 2720 204 2780 dum.
331 2723 472 2793 Quis
528 2738 795 2794 umquam
853 2727 972 2779 tam
1035 2723 1269 2796 proprie
1337 2721 1427 2778 rei
1491 2721 1758 2793 publicae
1825 2724 2039 2779 causa?
2108 2722 2281 2779 nullis

10 2802 17 2829 *
76 2809 406 2884 inimicitiiS,
453 2811 624 2868 nullis
670 2811 970 2883 praemiis,
1015 2810 1178 2867 nulla
1219 2809 1512 2867 hominum
1554 2810 1942 2881 postulatione
1973 2815 2076 2867 aut
2103 2810 2281 2867 etiam

74 2901 331 2971 opinione
389 2899 448 2956 id
496 2915 628 2955 eum
682 2914 950 2970 umquam
970 2892 1025 2979 4)
1083 2913 1211 2955 esse
1257 2896 1559 2955 facturum.
1647 2896 1848 2954 Fracti
1892 2903 2059 2956 erant
2104 2899 2281 2955 animi

74 2985 331 3059 hominis,
385 2987 496 3044 hoc
544 2988 697 3045 enim
739 2992 1045 3044 accusante
1092 2986 1323 3059 pristini
1383 2986 1537 3044 illius
1583 2987 1674 3043 sui
1718 2985 1920 3043 iudicii
1974 2986 2281 3058 turpitudi-

72 3092 190 3133 nem
247 3076 620 3149 desperabat.
739 3075 896 3133 Ecce
957 3074 1065 3132 tibi
1101 3075 1359 3148 consul,
1433 3079 1701 3148 praetor,
1774 3075 2038 3133 tribunus
2098 3076 2282 3146 plebis

72 3180 205 3222 nova
249 3166 391 3222 novi
437 3164 669 3237 generis
715 3162 910 3220 edicta
954 3168 1306 3236 proponunt:
1370 3161 1472 3221 ‘ne
1520 3178 1654 3220 reus
1698 3162 1882 3233 adsit,
1927 3179 2002 3219 ne
2050 3164 2279 3236 citetur,

72 3269 133 3309 ne
178 3258 526 3326 quaeratur,
583 3268 657 3309 ne
703 3253 1055 3310 mentionem
1099 3251 1330 3308 omnino
1379 3252 1644 3323 cuiquam
1687 3251 1936 3309 iudicum
1981 3256 2082 3309 aut
2132 3251 2281 3309 iudi-

199 3524 256 3590 1)
298 3521 455 3589 Quod
492 3520 548 3573 in
585 3519 699 3574 cod.
743 3519 808 3576 P.
845 3523 927 3573 est
971 3535 998 3571 e
1031 3536 1089 3572 re
1125 3518 1181 3571 P
1218 3524 1339 3572 tum
1389 3520 1553 3571 Hertz
1602 3519 1640 3571 l.
1687 3536 1731 3573 c.
1778 3535 1829 3588 p.
1866 3517 1936 3571 48
1972 3518 2103 3573 coni.
2151 3534 2178 3571 e
2223 3536 2284 3573 re

68 3592 279 3657 publica
316 3599 573 3659 ereptum.
714 3591 768 3658 2)
806 3591 986 3644 Verba
1025 3589 1289 3657 Conleyas
1325 3588 1503 3642 adiut.
1542 3589 1770 3642 habebat
1805 3592 2109 3657 transponit
2146 3591 2279 3643 Paul

75 3668 185 3717 aute
221 3664 356 3717 Duo
391 3661 499 3715 soli
535 3667 709 3714 erant.
908 3663 961 3729 3)
1001 3660 1075 3713 acl
1109 3662 1319 3728 ferrum
1353 3661 1501 3727 faces
1537 3659 1692 3713 deest
1726 3661 1783 3712 in
1818 3661 1877 3713 P.
1914 3678 1947 3714 a
1981 3678 2061 3730 pr.
2100 3677 2281 3723 manu,

75 3733 182 3790 add.
220 3752 293 3787 m.
334 3750 440 3786 sec.
480 3736 536 3786 et
567 3736 651 3785 est
685 3732 742 3784 in
772 3732 1009 3797 Gembl.,
1043 3731 1233 3793 Halm,
1271 3730 1547 3783 Eberhard
1585 3747 1687 3784 om.
1699 3771 1716 3797 ,
1755 3731 1915 3797 vulgo
1945 3731 2023 3783 ad
2056 3732 2281 3799 ferrum,

74 3803 138 3855 ad
180 3807 349 3873 faces„
406 3849 410 3853 ⁴
565 3804 622 3870 4)
674 3804 762 3856 Sic
806 3803 1076 3865 Lambin.;
1124 3802 1249 3855 Par.
1298 3817 1332 3854 a
1382 3819 1458 3870 pr.
1502 3819 1569 3854 m.
1608 3801 1668 3852 id
1714 3804 1977 3867 &qua-vn,-
2026 3804 2190 3870 vulgo
2223 3802 2285 3853 id

74 3892 338 3941 umquam.
