<?xml version="1.0" encoding="UTF-8"?>
<!DOCTYPE html PUBLIC "-//W3C//DTD XHTML 1.0 Transitional//EN"
    "http://www.w3.org/TR/xhtml1/DTD/xhtml1-transitional.dtd">
<html xmlns="http://www.w3.org/1999/xhtml" xml:lang="en" lang="en">
 <head>
  <title>
</title>
<meta http-equiv="Content-Type" content="text/html;charset=utf-8" />
  <meta name='ocr-system' content='tesseract 3.04.00' />
  <meta name='ocr-capabilities' content='ocr_page ocr_carea ocr_par ocr_line ocrx_word'/>
</head>
<body>
  <div class='ocr_page' id='page_1' title='image "./orationesselect02cicegoog_0074.png"; bbox 0 0 2669 4354; ppageno 0'>
   <div class='ocr_carea' id='block_1_1' title="bbox 427 216 1697 272">
    <p class='ocr_par' dir='ltr' id='par_1_1' title="bbox 427 216 1697 272">
     <span class='ocr_line' id='line_1_1' title="bbox 427 216 1697 272; baseline -0.003 0"><span class='ocrx_word' id='word_1_1' title='bbox 427 216 508 272; x_wconf 82' lang='lat'>62</span> <span class='ocrx_word' id='word_1_2' title='bbox 1478 228 1697 269; x_wconf 69' lang='lat' dir='ltr'>oRA&#39;mo</span> 
     </span>
    </p>
   </div>
   <div class='ocr_carea' id='block_1_2' title="bbox 311 398 2654 3375">
    <p class='ocr_par' dir='ltr' id='par_1_2' title="bbox 311 398 2654 3375">
     <span class='ocr_line' id='line_1_2' title="bbox 423 398 2635 475; baseline -0 -16"><span class='ocrx_word' id='word_1_3' title='bbox 423 404 496 460; x_wconf 88' lang='lat' dir='ltr'>iis</span> <span class='ocrx_word' id='word_1_4' title='bbox 555 402 909 475; x_wconf 84' lang='lat' dir='ltr'><strong>temporibus</strong></span> <span class='ocrx_word' id='word_1_5' title='bbox 970 419 1089 459; x_wconf 92' lang='lat' dir='ltr'>non</span> <span class='ocrx_word' id='word_1_6' title='bbox 1146 399 1404 474; x_wconf 88' lang='lat' dir='ltr'>pudebat</span> <span class='ocrx_word' id='word_1_7' title='bbox 1445 400 1815 474; x_wconf 79' lang='lat' dir='ltr'><strong>magistratus</strong></span> <span class='ocrx_word' id='word_1_8' title='bbox 1859 399 2055 472; x_wconf 89' lang='lat' dir='ltr'>populi</span> <span class='ocrx_word' id='word_1_9' title='bbox 2098 398 2345 458; x_wconf 90' lang='lat' dir='ltr'>Romani</span> <span class='ocrx_word' id='word_1_10' title='bbox 2388 401 2447 457; x_wconf 92' lang='lat' dir='ltr'>in</span> <span class='ocrx_word' id='word_1_11' title='bbox 2493 400 2635 458; x_wconf 88' lang='lat' dir='ltr'>hunc</span> 
     </span>
     <span class='ocr_line' id='line_1_3' title="bbox 422 482 2634 567; baseline -0.001 -20"><span class='ocrx_word' id='word_1_12' title='bbox 422 491 611 562; x_wconf 88' lang='lat' dir='ltr'>ipsum</span> <span class='ocrx_word' id='word_1_13' title='bbox 654 492 842 548; x_wconf 91' lang='lat' dir='ltr'>locum</span> <span class='ocrx_word' id='word_1_14' title='bbox 888 488 1206 547; x_wconf 82' lang='lat' dir='ltr'>escendere</span> <span class='ocrx_word' id='word_1_15' title='bbox 1229 482 1297 567; x_wconf 86' lang='lat'>¹),</span> <span class='ocrx_word' id='word_1_16' title='bbox 1354 505 1484 546; x_wconf 90' lang='lat' dir='ltr'>cum</span> <span class='ocrx_word' id='word_1_17' title='bbox 1531 504 1662 545; x_wconf 92' lang='lat' dir='ltr'>eum</span> <span class='ocrx_word' id='word_1_18' title='bbox 1682 482 1735 567; x_wconf 75' lang='lat'>2)</span> <span class='ocrx_word' id='word_1_19' title='bbox 1780 488 1945 545; x_wconf 92' lang='lat' dir='ltr'>nobis</span> <span class='ocrx_word' id='word_1_20' title='bbox 1989 488 2238 545; x_wconf 89' lang='lat' dir='ltr'>maiores</span> <span class='ocrx_word' id='word_1_21' title='bbox 2281 491 2465 546; x_wconf 83' lang='lat' dir='ltr'>nostri</span> <span class='ocrx_word' id='word_1_22' title='bbox 2511 505 2634 546; x_wconf 85' lang='lat' dir='ltr'>exu-</span> 
     </span>
     <span class='ocr_line' id='line_1_4' title="bbox 425 575 2221 649; baseline -0.001 -14"><span class='ocrx_word' id='word_1_23' title='bbox 425 580 531 636; x_wconf 88' lang='lat' dir='ltr'>viis</span> <span class='ocrx_word' id='word_1_24' title='bbox 573 578 822 636; x_wconf 82' lang='lat' dir='ltr'>nauticis</span> <span class='ocrx_word' id='word_1_25' title='bbox 869 582 929 636; x_wconf 92' lang='lat' dir='ltr'>et</span> <span class='ocrx_word' id='word_1_26' title='bbox 970 577 1239 635; x_wconf 88' lang='lat' dir='ltr'>classium</span> <span class='ocrx_word' id='word_1_27' title='bbox 1278 576 1477 649; x_wconf 88' lang='lat' dir='ltr'>spoliis</span> <span class='ocrx_word' id='word_1_28' title='bbox 1523 582 1787 635; x_wconf 90' lang='lat' dir='ltr'>ornatum</span> <span class='ocrx_word' id='word_1_29' title='bbox 1832 575 2221 646; x_wconf 84' lang='lat' dir='ltr'>reliquissent.</span> 
     </span>
     <span class='ocr_line' id='line_1_5' title="bbox 318 658 2633 737; baseline -0.002 -11"><span class='ocrx_word' id='word_1_30' title='bbox 318 658 407 726; x_wconf 84' lang='lat'>19</span> <span class='ocrx_word' id='word_1_31' title='bbox 600 666 762 723; x_wconf 90' lang='lat' dir='ltr'>Bono</span> <span class='ocrx_word' id='word_1_32' title='bbox 829 670 890 722; x_wconf 89' lang='lat' dir='ltr'>te</span> <span class='ocrx_word' id='word_1_33' title='bbox 952 665 1143 722; x_wconf 90' lang='lat' dir='ltr'>animo</span> <span class='ocrx_word' id='word_1_34' title='bbox 1199 671 1348 737; x_wconf 91' lang='lat' dir='ltr'>tum,</span> <span class='ocrx_word' id='word_1_35' title='bbox 1418 664 1486 734; x_wconf 82' lang='lat' dir='ltr'>Q.</span> <span class='ocrx_word' id='word_1_36' title='bbox 1544 664 1848 736; x_wconf 85' lang='lat' dir='ltr'>Hortensi,</span> <span class='ocrx_word' id='word_1_37' title='bbox 1915 665 2159 735; x_wconf 88' lang='lat' dir='ltr'>populus</span> <span class='ocrx_word' id='word_1_38' title='bbox 2226 663 2517 721; x_wconf 87' lang='lat' dir='ltr'>Romanus</span> <span class='ocrx_word' id='word_1_39' title='bbox 2582 671 2633 721; x_wconf 86' lang='lat' dir='ltr'>et</span> 
     </span>
     <span class='ocr_line' id='line_1_6' title="bbox 323 750 2628 826; baseline -0.001 -15"><span class='ocrx_word' id='word_1_40' title='bbox 323 760 403 817; x_wconf 84' lang='lat'>56</span> <span class='ocrx_word' id='word_1_41' title='bbox 425 759 679 826; x_wconf 83' lang='lat' dir='ltr'>ceteroS,</span> <span class='ocrx_word' id='word_1_42' title='bbox 726 754 824 825; x_wconf 92' lang='lat' dir='ltr'>qui</span> <span class='ocrx_word' id='word_1_43' title='bbox 873 757 1042 810; x_wconf 90' lang='lat' dir='ltr'>erant</span> <span class='ocrx_word' id='word_1_44' title='bbox 1085 752 1146 808; x_wconf 93' lang='lat' dir='ltr'>in</span> <span class='ocrx_word' id='word_1_45' title='bbox 1176 752 1380 810; x_wconf 89' lang='lat' dir='ltr'>eadem</span> <span class='ocrx_word' id='word_1_46' title='bbox 1414 753 1738 824; x_wconf 89' lang='lat' dir='ltr'>sententia,</span> <span class='ocrx_word' id='word_1_47' title='bbox 1780 750 1977 809; x_wconf 86' lang='lat' dir='ltr'>dicere</span> <span class='ocrx_word' id='word_1_48' title='bbox 2011 752 2363 810; x_wconf 86' lang='lat' dir='ltr'>existimavit</span> <span class='ocrx_word' id='word_1_49' title='bbox 2392 768 2464 810; x_wconf 90' lang='lat' dir='ltr'>ea</span> <span class='ocrx_word' id='word_1_50' title='bbox 2492 768 2628 823; x_wconf 83' lang='lat' dir='ltr'>quae</span> 
     </span>
     <span class='ocr_line' id='line_1_7' title="bbox 423 838 2629 914; baseline -0.002 -15"><span class='ocrx_word' id='word_1_51' title='bbox 423 842 790 914; x_wconf 79' lang='lat' dir='ltr'>sentiebatiS,</span> <span class='ocrx_word' id='word_1_52' title='bbox 833 841 936 898; x_wconf 89' lang='lat' dir='ltr'>sed</span> <span class='ocrx_word' id='word_1_53' title='bbox 976 845 1173 898; x_wconf 89' lang='lat' dir='ltr'>tamen</span> <span class='ocrx_word' id='word_1_54' title='bbox 1218 841 1279 897; x_wconf 93' lang='lat' dir='ltr'>in</span> <span class='ocrx_word' id='word_1_55' title='bbox 1328 840 1520 898; x_wconf 88' lang='lat' dir='ltr'>salute</span> <span class='ocrx_word' id='word_1_56' title='bbox 1565 839 1851 896; x_wconf 89' lang='lat' dir='ltr'>communi</span> <span class='ocrx_word' id='word_1_57' title='bbox 1896 839 2050 897; x_wconf 92' lang='lat' dir='ltr'>idem</span> <span class='ocrx_word' id='word_1_58' title='bbox 2082 841 2321 912; x_wconf 89' lang='lat' dir='ltr'>populus</span> <span class='ocrx_word' id='word_1_59' title='bbox 2350 838 2629 897; x_wconf 88' lang='lat' dir='ltr'>Romanus</span> 
     </span>
     <span class='ocr_line' id='line_1_8' title="bbox 420 926 2626 1000; baseline -0 -14"><span class='ocrx_word' id='word_1_60' title='bbox 420 929 609 987; x_wconf 88' lang='lat' dir='ltr'>dolori</span> <span class='ocrx_word' id='word_1_61' title='bbox 655 946 758 986; x_wconf 90' lang='lat' dir='ltr'>suo</span> <span class='ocrx_word' id='word_1_62' title='bbox 806 929 1008 985; x_wconf 85' lang='lat' dir='ltr'>maluit</span> <span class='ocrx_word' id='word_1_63' title='bbox 1061 944 1231 1000; x_wconf 88' lang='lat' dir='ltr'>quam</span> <span class='ocrx_word' id='word_1_64' title='bbox 1270 928 1605 986; x_wconf 83' lang='lat' dir='ltr'>auctoritati</span> <span class='ocrx_word' id='word_1_65' title='bbox 1646 931 1877 986; x_wconf 88' lang='lat' dir='ltr'>vestrae</span> <span class='ocrx_word' id='word_1_66' title='bbox 1925 926 2345 999; x_wconf 90' lang='lat' dir='ltr'>obtemperare.</span> <span class='ocrx_word' id='word_1_67' title='bbox 2436 928 2626 999; x_wconf 81' lang='lat' dir='ltr'>Itaque</span> 
     </span>
     <span class='ocr_line' id='line_1_9' title="bbox 421 1015 2625 1089; baseline -0.001 -16"><span class='ocrx_word' id='word_1_68' title='bbox 421 1033 538 1074; x_wconf 88' lang='lat' dir='ltr'>una</span> <span class='ocrx_word' id='word_1_69' title='bbox 595 1017 722 1089; x_wconf 89' lang='lat' dir='ltr'>lex,</span> <span class='ocrx_word' id='word_1_70' title='bbox 775 1033 923 1074; x_wconf 89' lang='lat' dir='ltr'>unus</span> <span class='ocrx_word' id='word_1_71' title='bbox 982 1016 1086 1087; x_wconf 89' lang='lat' dir='ltr'>vir,</span> <span class='ocrx_word' id='word_1_72' title='bbox 1142 1027 1289 1073; x_wconf 87' lang='lat' dir='ltr'>unus</span> <span class='ocrx_word' id='word_1_73' title='bbox 1344 1025 1530 1074; x_wconf 84' lang='lat' dir='ltr'>annus</span> <span class='ocrx_word' id='word_1_74' title='bbox 1581 1033 1699 1073; x_wconf 91' lang='lat' dir='ltr'>non</span> <span class='ocrx_word' id='word_1_75' title='bbox 1747 1015 1916 1072; x_wconf 90' lang='lat' dir='ltr'>modo</span> <span class='ocrx_word' id='word_1_76' title='bbox 1969 1031 2075 1072; x_wconf 90' lang='lat' dir='ltr'>nos</span> <span class='ocrx_word' id='word_1_77' title='bbox 2133 1015 2238 1073; x_wconf 91' lang='lat' dir='ltr'>illa</span> <span class='ocrx_word' id='word_1_78' title='bbox 2293 1017 2531 1074; x_wconf 88' lang='lat' dir='ltr'>miseria</span> <span class='ocrx_word' id='word_1_79' title='bbox 2567 1031 2625 1071; x_wconf 88' lang='lat' dir='ltr'>ac</span> 
     </span>
     <span class='ocr_line' id='line_1_10' title="bbox 419 1101 2625 1176; baseline -0.001 -15"><span class='ocrx_word' id='word_1_80' title='bbox 419 1104 773 1176; x_wconf 86' lang='lat' dir='ltr'>turpitudine</span> <span class='ocrx_word' id='word_1_81' title='bbox 811 1103 1113 1176; x_wconf 88' lang='lat' dir='ltr'>liberavit,</span> <span class='ocrx_word' id='word_1_82' title='bbox 1181 1103 1284 1161; x_wconf 90' lang='lat' dir='ltr'>sed</span> <span class='ocrx_word' id='word_1_83' title='bbox 1331 1105 1506 1162; x_wconf 88' lang='lat' dir='ltr'>etiam</span> <span class='ocrx_word' id='word_1_84' title='bbox 1550 1101 1777 1174; x_wconf 86' lang='lat' dir='ltr'>effecit,</span> <span class='ocrx_word' id='word_1_85' title='bbox 1837 1106 1901 1159; x_wconf 92' lang='lat' dir='ltr'>ut</span> <span class='ocrx_word' id='word_1_86' title='bbox 1945 1102 2254 1174; x_wconf 88' lang='lat' dir='ltr'>aliquando</span> <span class='ocrx_word' id='word_1_87' title='bbox 2301 1120 2438 1161; x_wconf 87' lang='lat' dir='ltr'>vere</span> <span class='ocrx_word' id='word_1_88' title='bbox 2484 1104 2625 1161; x_wconf 88' lang='lat' dir='ltr'>vide-</span> 
     </span>
     <span class='ocr_line' id='line_1_11' title="bbox 418 1191 2623 1264; baseline 0 -15"><span class='ocrx_word' id='word_1_89' title='bbox 418 1208 617 1250; x_wconf 89' lang='lat' dir='ltr'>remur</span> <span class='ocrx_word' id='word_1_90' title='bbox 671 1192 932 1250; x_wconf 91' lang='lat' dir='ltr'>omnibus</span> <span class='ocrx_word' id='word_1_91' title='bbox 987 1192 1257 1264; x_wconf 88' lang='lat' dir='ltr'>gentibus</span> <span class='ocrx_word' id='word_1_92' title='bbox 1314 1208 1384 1248; x_wconf 90' lang='lat' dir='ltr'>ac</span> <span class='ocrx_word' id='word_1_93' title='bbox 1439 1191 1769 1249; x_wconf 83' lang='lat' dir='ltr'>nationibus</span> <span class='ocrx_word' id='word_1_94' title='bbox 1822 1195 1983 1248; x_wconf 88' lang='lat' dir='ltr'>terra</span> <span class='ocrx_word' id='word_1_95' title='bbox 2027 1192 2285 1263; x_wconf 91' lang='lat' dir='ltr'>marique</span> <span class='ocrx_word' id='word_1_96' title='bbox 2332 1192 2623 1264; x_wconf 87' lang='lat' dir='ltr'>imperare.</span> 
     </span>
     <span class='ocr_line' id='line_1_12' title="bbox 317 1278 2621 1351; baseline -0 -14"><span class='ocrx_word' id='word_1_97' title='bbox 317 1288 396 1345; x_wconf 82' lang='lat'>57</span> <span class='ocrx_word' id='word_1_98' title='bbox 419 1280 544 1350; x_wconf 82' lang='lat' dir='ltr'>Quo</span> <span class='ocrx_word' id='word_1_99' title='bbox 588 1280 728 1337; x_wconf 90' lang='lat' dir='ltr'>mihi</span> <span class='ocrx_word' id='word_1_100' title='bbox 758 1280 936 1337; x_wconf 90' lang='lat' dir='ltr'>etiam</span> <span class='ocrx_word' id='word_1_101' title='bbox 967 1279 1258 1350; x_wconf 84' lang='lat' dir='ltr'>indignius</span> <span class='ocrx_word' id='word_1_102' title='bbox 1288 1278 1514 1337; x_wconf 88' lang='lat' dir='ltr'>videtur</span> <span class='ocrx_word' id='word_1_103' title='bbox 1544 1279 1931 1336; x_wconf 86' lang='lat' dir='ltr'>obtrectatum</span> <span class='ocrx_word' id='word_1_104' title='bbox 1976 1294 2105 1336; x_wconf 88' lang='lat' dir='ltr'>esse</span> <span class='ocrx_word' id='word_1_105' title='bbox 2137 1279 2343 1351; x_wconf 85' lang='lat' dir='ltr'>adhuc,</span> <span class='ocrx_word' id='word_1_106' title='bbox 2392 1279 2621 1337; x_wconf 88' lang='lat' dir='ltr'>Gabinio</span> 
     </span>
     <span class='ocr_line' id='line_1_13' title="bbox 417 1365 2618 1440; baseline 0 -15"><span class='ocrx_word' id='word_1_107' title='bbox 417 1368 605 1425; x_wconf 90' lang='lat' dir='ltr'>dicam</span> <span class='ocrx_word' id='word_1_108' title='bbox 657 1385 808 1425; x_wconf 89' lang='lat' dir='ltr'>anne</span> <span class='ocrx_word' id='word_1_109' title='bbox 855 1366 1129 1439; x_wconf 88' lang='lat' dir='ltr'>Pompeio</span> <span class='ocrx_word' id='word_1_110' title='bbox 1191 1383 1266 1423; x_wconf 88' lang='lat' dir='ltr'>an</span> <span class='ocrx_word' id='word_1_111' title='bbox 1320 1368 1587 1439; x_wconf 87' lang='lat' dir='ltr'>utrique,</span> <span class='ocrx_word' id='word_1_112' title='bbox 1648 1365 1707 1422; x_wconf 94' lang='lat' dir='ltr'>id</span> <span class='ocrx_word' id='word_1_113' title='bbox 1750 1365 1901 1438; x_wconf 92' lang='lat' dir='ltr'>quod</span> <span class='ocrx_word' id='word_1_114' title='bbox 1948 1370 2039 1423; x_wconf 88' lang='lat' dir='ltr'>est</span> <span class='ocrx_word' id='word_1_115' title='bbox 2082 1367 2309 1435; x_wconf 79' lang='lat' dir='ltr'>veriuS,</span> <span class='ocrx_word' id='word_1_116' title='bbox 2356 1384 2434 1425; x_wconf 92' lang='lat' dir='ltr'>ne</span> <span class='ocrx_word' id='word_1_117' title='bbox 2481 1368 2618 1440; x_wconf 85' lang='lat' dir='ltr'>lega-</span> 
     </span>
     <span class='ocr_line' id='line_1_14' title="bbox 417 1453 2618 1527; baseline -0.002 -14"><span class='ocrx_word' id='word_1_118' title='bbox 417 1461 580 1513; x_wconf 92' lang='lat' dir='ltr'>retur</span> <span class='ocrx_word' id='word_1_119' title='bbox 624 1456 696 1514; x_wconf 90' lang='lat' dir='ltr'>A.</span> <span class='ocrx_word' id='word_1_120' title='bbox 740 1453 1021 1513; x_wconf 85' lang='lat' dir='ltr'>Gabinius</span> <span class='ocrx_word' id='word_1_121' title='bbox 1069 1454 1168 1512; x_wconf 88' lang='lat' dir='ltr'>Cn.</span> <span class='ocrx_word' id='word_1_122' title='bbox 1216 1454 1492 1526; x_wconf 89' lang='lat' dir='ltr'>Pompeio</span> <span class='ocrx_word' id='word_1_123' title='bbox 1538 1454 1837 1527; x_wconf 89' lang='lat' dir='ltr'>expetenti</span> <span class='ocrx_word' id='word_1_124' title='bbox 1897 1471 1968 1511; x_wconf 91' lang='lat' dir='ltr'>ac</span> <span class='ocrx_word' id='word_1_125' title='bbox 2009 1455 2341 1527; x_wconf 87' lang='lat' dir='ltr'>postulanti.</span> <span class='ocrx_word' id='word_1_126' title='bbox 2434 1455 2618 1513; x_wconf 89' lang='lat' dir='ltr'>Utrum</span> 
     </span>
     <span class='ocr_line' id='line_1_15' title="bbox 415 1541 2618 1618; baseline -0.001 -18"><span class='ocrx_word' id='word_1_127' title='bbox 415 1544 548 1618; x_wconf 91' lang='lat' dir='ltr'>ille,</span> <span class='ocrx_word' id='word_1_128' title='bbox 587 1544 682 1615; x_wconf 92' lang='lat' dir='ltr'>qui</span> <span class='ocrx_word' id='word_1_129' title='bbox 726 1544 981 1615; x_wconf 88' lang='lat' dir='ltr'>postulat</span> <span class='ocrx_word' id='word_1_130' title='bbox 1027 1541 1102 1600; x_wconf 90' lang='lat' dir='ltr'>ad</span> <span class='ocrx_word' id='word_1_131' title='bbox 1146 1548 1372 1600; x_wconf 87' lang='lat' dir='ltr'>tantum</span> <span class='ocrx_word' id='word_1_132' title='bbox 1415 1542 1629 1600; x_wconf 92' lang='lat' dir='ltr'>bellum</span> <span class='ocrx_word' id='word_1_133' title='bbox 1674 1543 1946 1616; x_wconf 88' lang='lat' dir='ltr'>legatum,</span> <span class='ocrx_word' id='word_1_134' title='bbox 1993 1559 2164 1613; x_wconf 92' lang='lat' dir='ltr'>quem</span> <span class='ocrx_word' id='word_1_135' title='bbox 2195 1542 2355 1615; x_wconf 90' lang='lat' dir='ltr'>velit,</span> <span class='ocrx_word' id='word_1_136' title='bbox 2400 1542 2618 1600; x_wconf 87' lang='lat' dir='ltr'>idoneus</span> 
     </span>
     <span class='ocr_line' id='line_1_16' title="bbox 415 1629 2618 1703; baseline 0 -16"><span class='ocrx_word' id='word_1_137' title='bbox 415 1648 529 1688; x_wconf 91' lang='lat' dir='ltr'>non</span> <span class='ocrx_word' id='word_1_138' title='bbox 574 1635 664 1689; x_wconf 89' lang='lat' dir='ltr'>est</span> <span class='ocrx_word' id='word_1_139' title='bbox 708 1632 807 1703; x_wconf 92' lang='lat' dir='ltr'>qui</span> <span class='ocrx_word' id='word_1_140' title='bbox 852 1632 1163 1703; x_wconf 89' lang='lat' dir='ltr'>impetret,</span> <span class='ocrx_word' id='word_1_141' title='bbox 1225 1647 1355 1687; x_wconf 90' lang='lat' dir='ltr'>cum</span> <span class='ocrx_word' id='word_1_142' title='bbox 1402 1631 1584 1688; x_wconf 90' lang='lat' dir='ltr'>ceteri</span> <span class='ocrx_word' id='word_1_143' title='bbox 1630 1629 1703 1686; x_wconf 88' lang='lat' dir='ltr'>ad</span> <span class='ocrx_word' id='word_1_144' title='bbox 1750 1630 2084 1702; x_wconf 82' lang='lat' dir='ltr'>expilandos</span> <span class='ocrx_word' id='word_1_145' title='bbox 2131 1630 2317 1687; x_wconf 87' lang='lat' dir='ltr'>socios</span> <span class='ocrx_word' id='word_1_146' title='bbox 2360 1630 2618 1703; x_wconf 89' lang='lat' dir='ltr'>diripien-</span> 
     </span>
     <span class='ocr_line' id='line_1_17' title="bbox 412 1718 2614 1791; baseline -0.001 -14"><span class='ocrx_word' id='word_1_147' title='bbox 412 1718 630 1791; x_wconf 81' lang='lat' dir='ltr'>dasque</span> <span class='ocrx_word' id='word_1_148' title='bbox 689 1719 1014 1790; x_wconf 87' lang='lat' dir='ltr'>provincias</span> <span class='ocrx_word' id='word_1_149' title='bbox 1093 1735 1235 1790; x_wconf 90' lang='lat' dir='ltr'>quos</span> <span class='ocrx_word' id='word_1_150' title='bbox 1296 1719 1607 1777; x_wconf 88' lang='lat' dir='ltr'>voluerunt</span> <span class='ocrx_word' id='word_1_151' title='bbox 1665 1718 1888 1789; x_wconf 89' lang='lat' dir='ltr'>legatos</span> <span class='ocrx_word' id='word_1_152' title='bbox 1961 1718 2298 1791; x_wconf 88' lang='lat' dir='ltr'>eduxerint,</span> <span class='ocrx_word' id='word_1_153' title='bbox 2357 1734 2434 1775; x_wconf 88' lang='lat' dir='ltr'>an</span> <span class='ocrx_word' id='word_1_154' title='bbox 2493 1719 2614 1791; x_wconf 87' lang='lat' dir='ltr'>ipse,</span> 
     </span>
     <span class='ocr_line' id='line_1_18' title="bbox 415 1805 2613 1880; baseline -0.001 -16"><span class='ocrx_word' id='word_1_155' title='bbox 415 1807 577 1864; x_wconf 90' lang='lat' dir='ltr'>cuius</span> <span class='ocrx_word' id='word_1_156' title='bbox 622 1808 752 1879; x_wconf 91' lang='lat' dir='ltr'>lege</span> <span class='ocrx_word' id='word_1_157' title='bbox 800 1808 955 1865; x_wconf 89' lang='lat' dir='ltr'>salus</span> <span class='ocrx_word' id='word_1_158' title='bbox 996 1823 1064 1864; x_wconf 89' lang='lat' dir='ltr'>ac</span> <span class='ocrx_word' id='word_1_159' title='bbox 1110 1806 1363 1879; x_wconf 85' lang='lat' dir='ltr'>dignitas</span> <span class='ocrx_word' id='word_1_160' title='bbox 1407 1806 1619 1878; x_wconf 89' lang='lat' dir='ltr'>populo</span> <span class='ocrx_word' id='word_1_161' title='bbox 1659 1806 1917 1864; x_wconf 89' lang='lat' dir='ltr'>Romano</span> <span class='ocrx_word' id='word_1_162' title='bbox 1961 1811 2138 1877; x_wconf 91' lang='lat' dir='ltr'>atque</span> <span class='ocrx_word' id='word_1_163' title='bbox 2187 1805 2451 1864; x_wconf 91' lang='lat' dir='ltr'>omnibus</span> <span class='ocrx_word' id='word_1_164' title='bbox 2496 1822 2613 1880; x_wconf 84' lang='lat' dir='ltr'>gen·</span> 
     </span>
     <span class='ocr_line' id='line_1_19' title="bbox 413 1893 2611 1967; baseline -0.002 -16"><span class='ocrx_word' id='word_1_165' title='bbox 413 1895 564 1953; x_wconf 93' lang='lat' dir='ltr'>tibus</span> <span class='ocrx_word' id='word_1_166' title='bbox 610 1895 926 1953; x_wconf 88' lang='lat' dir='ltr'>constituta</span> <span class='ocrx_word' id='word_1_167' title='bbox 985 1900 1104 1967; x_wconf 85' lang='lat' dir='ltr'>est,</span> <span class='ocrx_word' id='word_1_168' title='bbox 1166 1910 1375 1966; x_wconf 85' lang='lat' dir='ltr'>expers</span> <span class='ocrx_word' id='word_1_169' title='bbox 1422 1909 1551 1951; x_wconf 87' lang='lat' dir='ltr'>esse</span> <span class='ocrx_word' id='word_1_170' title='bbox 1609 1893 1787 1952; x_wconf 89' lang='lat' dir='ltr'>debet</span> <span class='ocrx_word' id='word_1_171' title='bbox 1825 1895 2046 1965; x_wconf 87' lang='lat' dir='ltr'>gloriae</span> <span class='ocrx_word' id='word_1_172' title='bbox 2098 1895 2223 1951; x_wconf 90' lang='lat' dir='ltr'>eius</span> <span class='ocrx_word' id='word_1_173' title='bbox 2267 1893 2611 1966; x_wconf 88' lang='lat' dir='ltr'>imperatoris</span> 
     </span>
     <span class='ocr_line' id='line_1_20' title="bbox 411 1981 2612 2054; baseline 0 -16"><span class='ocrx_word' id='word_1_174' title='bbox 411 1988 585 2054; x_wconf 90' lang='lat' dir='ltr'>atque</span> <span class='ocrx_word' id='word_1_175' title='bbox 647 1983 770 2041; x_wconf 91' lang='lat' dir='ltr'>eius</span> <span class='ocrx_word' id='word_1_176' title='bbox 817 1982 1132 2054; x_wconf 88' lang='lat' dir='ltr'>exercitus,</span> <span class='ocrx_word' id='word_1_177' title='bbox 1193 1982 1290 2053; x_wconf 94' lang='lat' dir='ltr'>qui</span> <span class='ocrx_word' id='word_1_178' title='bbox 1354 1981 1591 2040; x_wconf 90' lang='lat' dir='ltr'>consilio</span> <span class='ocrx_word' id='word_1_179' title='bbox 1651 1982 1829 2053; x_wconf 90' lang='lat' dir='ltr'>ipsius</span> <span class='ocrx_word' id='word_1_180' title='bbox 1874 1997 1943 2039; x_wconf 89' lang='lat' dir='ltr'>ac</span> <span class='ocrx_word' id='word_1_181' title='bbox 1988 1981 2247 2052; x_wconf 91' lang='lat' dir='ltr'>periculo</span> <span class='ocrx_word' id='word_1_182' title='bbox 2293 1987 2383 2039; x_wconf 89' lang='lat' dir='ltr'>est</span> <span class='ocrx_word' id='word_1_183' title='bbox 2430 1982 2612 2040; x_wconf 89' lang='lat' dir='ltr'>consti-</span> 
     </span>
     <span class='ocr_line' id='line_1_21' title="bbox 311 2068 2654 2142; baseline -0.002 -15"><span class='ocrx_word' id='word_1_184' title='bbox 311 2076 392 2133; x_wconf 84' lang='lat'>58</span> <span class='ocrx_word' id='word_1_185' title='bbox 411 2073 603 2127; x_wconf 79' lang='lat' dir='ltr'>tutus?</span> <span class='ocrx_word' id='word_1_186' title='bbox 690 2071 780 2127; x_wconf 92' lang='lat' dir='ltr'>An</span> <span class='ocrx_word' id='word_1_187' title='bbox 848 2069 909 2128; x_wconf 89' lang='lat' dir='ltr'>C.</span> <span class='ocrx_word' id='word_1_188' title='bbox 971 2068 1297 2142; x_wconf 80' lang='lat' dir='ltr'>FalcidiuS,</span> <span class='ocrx_word' id='word_1_189' title='bbox 1370 2068 1433 2140; x_wconf 81' lang='lat' dir='ltr'>Q.</span> <span class='ocrx_word' id='word_1_190' title='bbox 1494 2069 1793 2142; x_wconf 76' lang='lat' dir='ltr'>MetelluS,</span> <span class='ocrx_word' id='word_1_191' title='bbox 1850 2070 1913 2140; x_wconf 77' lang='lat' dir='ltr'>Q.</span> <span class='ocrx_word' id='word_1_192' title='bbox 1972 2068 2203 2128; x_wconf 88' lang='lat' dir='ltr'>Caelius</span> <span class='ocrx_word' id='word_1_193' title='bbox 2264 2068 2608 2139; x_wconf 87' lang='lat' dir='ltr'>Latiniensis,</span> <span class='ocrx_word' id='word_1_194' title='bbox 2653 2080 2654 2083; x_wconf 71' lang='grc'>’</span> 
     </span>
     <span class='ocr_line' id='line_1_22' title="bbox 413 2155 2606 2232; baseline -0.003 -15"><span class='ocrx_word' id='word_1_195' title='bbox 413 2158 512 2219; x_wconf 87' lang='lat' dir='ltr'>Cn.</span> <span class='ocrx_word' id='word_1_196' title='bbox 560 2158 869 2232; x_wconf 79' lang='lat' dir='ltr'>LentuluS,</span> <span class='ocrx_word' id='word_1_197' title='bbox 925 2174 1067 2231; x_wconf 90' lang='lat' dir='ltr'>quos</span> <span class='ocrx_word' id='word_1_198' title='bbox 1125 2174 1324 2217; x_wconf 90' lang='lat' dir='ltr'>omnes</span> <span class='ocrx_word' id='word_1_199' title='bbox 1398 2158 1631 2217; x_wconf 87' lang='lat' dir='ltr'>honoris</span> <span class='ocrx_word' id='word_1_200' title='bbox 1690 2173 1864 2216; x_wconf 86' lang='lat' dir='ltr'>causa</span> <span class='ocrx_word' id='word_1_201' title='bbox 1918 2158 2181 2232; x_wconf 91' lang='lat' dir='ltr'>nomino,</span> <span class='ocrx_word' id='word_1_202' title='bbox 2233 2174 2364 2216; x_wconf 91' lang='lat' dir='ltr'>cum</span> <span class='ocrx_word' id='word_1_203' title='bbox 2419 2155 2606 2217; x_wconf 87' lang='lat' dir='ltr'>tribuni</span> 
     </span>
     <span class='ocr_line' id='line_1_23' title="bbox 408 2239 2652 2319; baseline -0.001 -15"><span class='ocrx_word' id='word_1_204' title='bbox 408 2247 566 2319; x_wconf 89' lang='lat' dir='ltr'>plebi</span> <span class='ocrx_word' id='word_1_205' title='bbox 609 2246 880 2319; x_wconf 89' lang='lat' dir='ltr'>fuissent,</span> <span class='ocrx_word' id='word_1_206' title='bbox 924 2263 1074 2303; x_wconf 88' lang='lat' dir='ltr'>anno</span> <span class='ocrx_word' id='word_1_207' title='bbox 1117 2246 1377 2319; x_wconf 87' lang='lat' dir='ltr'>proximo</span> <span class='ocrx_word' id='word_1_208' title='bbox 1419 2247 1600 2319; x_wconf 86' lang='lat' dir='ltr'>legati</span> <span class='ocrx_word' id='word_1_209' title='bbox 1654 2264 1782 2305; x_wconf 90' lang='lat' dir='ltr'>esse</span> <span class='ocrx_word' id='word_1_210' title='bbox 1816 2251 2156 2318; x_wconf 87' lang='lat' dir='ltr'>potuerunt:</span> <span class='ocrx_word' id='word_1_211' title='bbox 2203 2247 2264 2304; x_wconf 90' lang='lat' dir='ltr'>in</span> <span class='ocrx_word' id='word_1_212' title='bbox 2310 2263 2428 2305; x_wconf 93' lang='lat' dir='ltr'>uno</span> <span class='ocrx_word' id='word_1_213' title='bbox 2462 2245 2607 2305; x_wconf 85' lang='lat' dir='ltr'>Gabi·</span> <span class='ocrx_word' id='word_1_214' title='bbox 2651 2239 2652 2246; x_wconf 72' lang='grc'>’</span> 
     </span>
     <span class='ocr_line' id='line_1_24' title="bbox 409 2333 2650 2408; baseline -0.002 -15"><span class='ocrx_word' id='word_1_215' title='bbox 409 2336 507 2393; x_wconf 87' lang='grc'><strong>1110</strong></span> <span class='ocrx_word' id='word_1_216' title='bbox 558 2341 692 2392; x_wconf 89' lang='lat' dir='ltr'>sunt</span> <span class='ocrx_word' id='word_1_217' title='bbox 743 2340 863 2393; x_wconf 89' lang='lat' dir='ltr'>tam</span> <span class='ocrx_word' id='word_1_218' title='bbox 921 2334 1266 2407; x_wconf 73' lang='lat' dir='ltr'>diligenteS,</span> <span class='ocrx_word' id='word_1_219' title='bbox 1320 2334 1420 2406; x_wconf 93' lang='lat' dir='ltr'>qui</span> <span class='ocrx_word' id='word_1_220' title='bbox 1473 2335 1534 2391; x_wconf 89' lang='lat' dir='ltr'>in</span> <span class='ocrx_word' id='word_1_221' title='bbox 1589 2334 1699 2392; x_wconf 89' lang='lat' dir='ltr'>hoc</span> <span class='ocrx_word' id='word_1_222' title='bbox 1750 2334 1934 2408; x_wconf 84' lang='lat' dir='ltr'>bello,</span> <span class='ocrx_word' id='word_1_223' title='bbox 1996 2334 2147 2406; x_wconf 87' lang='lat' dir='ltr'>quod</span> <span class='ocrx_word' id='word_1_224' title='bbox 2207 2334 2338 2406; x_wconf 84' lang='lat' dir='ltr'>lege</span> <span class='ocrx_word' id='word_1_225' title='bbox 2386 2333 2605 2394; x_wconf 81' lang='lat' dir='ltr'>Gabinia</span> <span class='ocrx_word' id='word_1_226' title='bbox 2649 2355 2650 2362; x_wconf 46' lang='lat'>¹</span> 
     </span>
     <span class='ocr_line' id='line_1_25' title="bbox 409 2422 2604 2496; baseline -0.001 -17"><span class='ocrx_word' id='word_1_227' title='bbox 409 2422 647 2495; x_wconf 78' lang='lat' dir='ltr'>geritur,</span> <span class='ocrx_word' id='word_1_228' title='bbox 702 2423 764 2480; x_wconf 92' lang='lat' dir='ltr'>in</span> <span class='ocrx_word' id='word_1_229' title='bbox 820 2423 929 2480; x_wconf 91' lang='lat' dir='ltr'>hoc</span> <span class='ocrx_word' id='word_1_230' title='bbox 977 2423 1326 2495; x_wconf 86' lang='lat' dir='ltr'>imperatore</span> <span class='ocrx_word' id='word_1_231' title='bbox 1386 2428 1561 2494; x_wconf 88' lang='lat' dir='ltr'>atque</span> <span class='ocrx_word' id='word_1_232' title='bbox 1617 2423 1905 2496; x_wconf 88' lang='lat' dir='ltr'>exercitu,</span> <span class='ocrx_word' id='word_1_233' title='bbox 1961 2439 2133 2494; x_wconf 92' lang='lat' dir='ltr'>quem</span> <span class='ocrx_word' id='word_1_234' title='bbox 2196 2439 2303 2494; x_wconf 89' lang='lat' dir='ltr'>per</span> <span class='ocrx_word' id='word_1_235' title='bbox 2360 2440 2464 2482; x_wconf 89' lang='lat' dir='ltr'>vos</span> <span class='ocrx_word' id='word_1_236' title='bbox 2503 2423 2604 2495; x_wconf 85' lang='lat' dir='ltr'>ipse</span> 
     </span>
     <span class='ocr_line' id='line_1_26' title="bbox 409 2508 2646 2584; baseline -0.001 -18"><span class='ocrx_word' id='word_1_237' title='bbox 409 2511 735 2584; x_wconf 86' lang='lat' dir='ltr'>constituit,</span> <span class='ocrx_word' id='word_1_238' title='bbox 784 2510 959 2568; x_wconf 89' lang='lat' dir='ltr'>etiam</span> <span class='ocrx_word' id='word_1_239' title='bbox 1004 2511 1316 2583; x_wconf 88' lang='lat' dir='ltr'>praecipuo</span> <span class='ocrx_word' id='word_1_240' title='bbox 1358 2510 1486 2568; x_wconf 90' lang='lat' dir='ltr'>iure</span> <span class='ocrx_word' id='word_1_241' title='bbox 1534 2525 1664 2569; x_wconf 89' lang='lat' dir='ltr'>esse</span> <span class='ocrx_word' id='word_1_242' title='bbox 1711 2510 1999 2568; x_wconf 79' lang='lat' dir='ltr'>deberet?</span> <span class='ocrx_word' id='word_1_243' title='bbox 2086 2509 2177 2567; x_wconf 92' lang='lat' dir='ltr'>De</span> <span class='ocrx_word' id='word_1_244' title='bbox 2224 2526 2335 2582; x_wconf 93' lang='lat' dir='ltr'>quo</span> <span class='ocrx_word' id='word_1_245' title='bbox 2384 2508 2602 2584; x_wconf 86' lang='lat' dir='ltr'>legando</span> <span class='ocrx_word' id='word_1_246' title='bbox 2645 2547 2646 2550; x_wconf 63' lang='lat'>,</span> 
     </span>
     <span class='ocr_line' id='line_1_27' title="bbox 408 2598 2603 2671; baseline -0 -18"><span class='ocrx_word' id='word_1_247' title='bbox 408 2599 668 2656; x_wconf 89' lang='lat' dir='ltr'>consules</span> <span class='ocrx_word' id='word_1_248' title='bbox 713 2614 886 2671; x_wconf 89' lang='lat' dir='ltr'>spero</span> <span class='ocrx_word' id='word_1_249' title='bbox 932 2598 1005 2655; x_wconf 88' lang='lat' dir='ltr'>ad</span> <span class='ocrx_word' id='word_1_250' title='bbox 1051 2602 1315 2656; x_wconf 90' lang='lat' dir='ltr'>senatum</span> <span class='ocrx_word' id='word_1_251' title='bbox 1358 2598 1673 2656; x_wconf 88' lang='lat' dir='ltr'>relaturos:</span> <span class='ocrx_word' id='word_1_252' title='bbox 1728 2600 1826 2670; x_wconf 92' lang='lat' dir='ltr'>qui</span> <span class='ocrx_word' id='word_1_253' title='bbox 1871 2600 1921 2656; x_wconf 88' lang='lat' dir='ltr'>si</span> <span class='ocrx_word' id='word_1_254' title='bbox 1966 2598 2311 2656; x_wconf 88' lang='lat' dir='ltr'>dubitabunt</span> <span class='ocrx_word' id='word_1_255' title='bbox 2354 2605 2458 2657; x_wconf 88' lang='lat' dir='ltr'>aut</span> <span class='ocrx_word' id='word_1_256' title='bbox 2499 2612 2603 2671; x_wconf 83' lang='lat' dir='ltr'>gra-</span> 
     </span>
     <span class='ocr_line' id='line_1_28' title="bbox 405 2684 2602 2760; baseline -0.001 -18"><span class='ocrx_word' id='word_1_257' title='bbox 405 2686 707 2759; x_wconf 87' lang='lat' dir='ltr'>vabuntur,</span> <span class='ocrx_word' id='word_1_258' title='bbox 754 2702 862 2759; x_wconf 86' lang='lat' dir='ltr'>ego</span> <span class='ocrx_word' id='word_1_259' title='bbox 907 2703 999 2744; x_wconf 90' lang='lat' dir='ltr'>me</span> <span class='ocrx_word' id='word_1_260' title='bbox 1044 2684 1318 2760; x_wconf 90' lang='lat' dir='ltr'>profiteor</span> <span class='ocrx_word' id='word_1_261' title='bbox 1354 2687 1697 2759; x_wconf 89' lang='lat' dir='ltr'>relaturum,</span> <span class='ocrx_word' id='word_1_262' title='bbox 1745 2702 1934 2759; x_wconf 89' lang='lat' dir='ltr'>neque</span> <span class='ocrx_word' id='word_1_263' title='bbox 1980 2703 2072 2744; x_wconf 90' lang='lat' dir='ltr'>me</span> <span class='ocrx_word' id='word_1_264' title='bbox 2113 2685 2397 2758; x_wconf 91' lang='lat' dir='ltr'>impediet</span> <span class='ocrx_word' id='word_1_265' title='bbox 2444 2687 2602 2743; x_wconf 88' lang='lat' dir='ltr'>cuius-</span> 
     </span>
     <span class='ocr_line' id='line_1_29' title="bbox 406 2772 2599 2848; baseline -0.002 -17"><span class='ocrx_word' id='word_1_266' title='bbox 406 2790 576 2845; x_wconf 88' lang='lat' dir='ltr'>quam</span> <span class='ocrx_word' id='word_1_267' title='bbox 649 2774 942 2831; x_wconf 89' lang='lat' dir='ltr'>inimicum</span> <span class='ocrx_word' id='word_1_268' title='bbox 1003 2775 1286 2848; x_wconf 91' lang='lat' dir='ltr'>edictum,</span> <span class='ocrx_word' id='word_1_269' title='bbox 1356 2790 1470 2846; x_wconf 94' lang='lat' dir='ltr'>quo</span> <span class='ocrx_word' id='word_1_270' title='bbox 1524 2774 1714 2831; x_wconf 88' lang='lat' dir='ltr'>minus</span> <span class='ocrx_word' id='word_1_271' title='bbox 1771 2774 1930 2832; x_wconf 82' lang='lat' dir='ltr'>vobis</span> <span class='ocrx_word' id='word_1_272' title='bbox 1985 2772 2169 2831; x_wconf 88' lang='lat' dir='ltr'>fretus</span> <span class='ocrx_word' id='word_1_273' title='bbox 2224 2779 2478 2832; x_wconf 87' lang='lat' dir='ltr'>vestrum</span> <span class='ocrx_word' id='word_1_274' title='bbox 2532 2774 2599 2829; x_wconf 88' lang='lat' dir='ltr'>ius</span> 
     </span>
     <span class='ocr_line' id='line_1_30' title="bbox 404 2860 2599 2935; baseline -0.002 -17"><span class='ocrx_word' id='word_1_275' title='bbox 404 2860 859 2934; x_wconf 90' lang='lat' dir='ltr'>beneficiumque</span> <span class='ocrx_word' id='word_1_276' title='bbox 906 2861 1242 2935; x_wconf 81' lang='lat' dir='ltr'>defendam3</span> <span class='ocrx_word' id='word_1_277' title='bbox 1287 2874 1479 2934; x_wconf 85' lang='lat' dir='ltr'>neque</span> <span class='ocrx_word' id='word_1_278' title='bbox 1523 2867 1756 2934; x_wconf 87' lang='lat' dir='ltr'>praeter</span> <span class='ocrx_word' id='word_1_279' title='bbox 1799 2863 2275 2920; x_wconf 87' lang='lat' dir='ltr'>intercessionem</span> <span class='ocrx_word' id='word_1_280' title='bbox 2320 2865 2599 2935; x_wconf 87' lang='lat' dir='ltr'>quicquam</span> 
     </span>
     <span class='ocr_line' id='line_1_31' title="bbox 402 2943 2597 3031; baseline -0.001 -23"><span class='ocrx_word' id='word_1_281' title='bbox 402 2949 633 3009; x_wconf 91' lang='lat' dir='ltr'>audiam</span> <span class='ocrx_word' id='word_1_282' title='bbox 653 2943 706 3031; x_wconf 78' lang='lat'>⁸)</span> <span class='ocrx_word' id='word_1_283' title='bbox 767 2949 840 3008; x_wconf 91' lang='lat' dir='ltr'>de</span> <span class='ocrx_word' id='word_1_284' title='bbox 901 2967 1045 3023; x_wconf 86' lang='lat' dir='ltr'>qua,</span> <span class='ocrx_word' id='word_1_285' title='bbox 1115 2956 1180 3008; x_wconf 91' lang='lat' dir='ltr'>ut</span> <span class='ocrx_word' id='word_1_286' title='bbox 1238 2951 1505 3023; x_wconf 90' lang='lat' dir='ltr'>arbitror,</span> <span class='ocrx_word' id='word_1_287' title='bbox 1566 2950 1662 3008; x_wconf 89' lang='lat' dir='ltr'>isti</span> <span class='ocrx_word' id='word_1_288' title='bbox 1710 2950 1856 3024; x_wconf 90' lang='lat' dir='ltr'>ipsi,</span> <span class='ocrx_word' id='word_1_289' title='bbox 1924 2950 2023 3022; x_wconf 92' lang='lat' dir='ltr'>qui</span> <span class='ocrx_word' id='word_1_290' title='bbox 2068 2951 2384 3025; x_wconf 90' lang='lat' dir='ltr'>minantur,</span> <span class='ocrx_word' id='word_1_291' title='bbox 2452 2950 2597 3007; x_wconf 86' lang='lat' dir='ltr'>etiam</span> 
     </span>
     <span class='ocr_line' id='line_1_32' title="bbox 401 3035 2596 3111; baseline -0.002 -15"><span class='ocrx_word' id='word_1_292' title='bbox 401 3044 574 3111; x_wconf 87' lang='lat' dir='ltr'>atque</span> <span class='ocrx_word' id='word_1_293' title='bbox 636 3039 814 3097; x_wconf 90' lang='lat' dir='ltr'>etiam</span> <span class='ocrx_word' id='word_1_294' title='bbox 872 3039 1008 3110; x_wconf 90' lang='lat' dir='ltr'>quid</span> <span class='ocrx_word' id='word_1_295' title='bbox 1066 3038 1244 3096; x_wconf 90' lang='lat' dir='ltr'>liceat</span> <span class='ocrx_word' id='word_1_296' title='bbox 1289 3037 1755 3097; x_wconf 87' lang='lat' dir='ltr'>considerabunt.</span> <span class='ocrx_word' id='word_1_297' title='bbox 1844 3039 1982 3096; x_wconf 91' lang='lat' dir='ltr'>Mea</span> <span class='ocrx_word' id='word_1_298' title='bbox 2035 3037 2267 3110; x_wconf 90' lang='lat' dir='ltr'>quidem</span> <span class='ocrx_word' id='word_1_299' title='bbox 2312 3035 2596 3100; x_wconf 80' lang='lat' dir='ltr'>sententia,</span> 
     </span>
     <span class='ocr_line' id='line_1_33' title="bbox 402 3125 2594 3200; baseline 0 -16"><span class='ocrx_word' id='word_1_300' title='bbox 402 3125 689 3200; x_wconf 79' lang='lat' dir='ltr'>Quirites,</span> <span class='ocrx_word' id='word_1_301' title='bbox 757 3144 904 3184; x_wconf 92' lang='lat' dir='ltr'>unus</span> <span class='ocrx_word' id='word_1_302' title='bbox 959 3126 1028 3183; x_wconf 92' lang='lat' dir='ltr'>A.</span> <span class='ocrx_word' id='word_1_303' title='bbox 1089 3125 1372 3184; x_wconf 85' lang='lat' dir='ltr'>Gabinius</span> <span class='ocrx_word' id='word_1_304' title='bbox 1436 3125 1576 3183; x_wconf 92' lang='lat' dir='ltr'>belli</span> <span class='ocrx_word' id='word_1_305' title='bbox 1636 3126 1908 3184; x_wconf 88' lang='lat' dir='ltr'>maritimi</span> <span class='ocrx_word' id='word_1_306' title='bbox 1967 3143 2276 3198; x_wconf 90' lang='lat' dir='ltr'>rerumque</span> <span class='ocrx_word' id='word_1_307' title='bbox 2332 3132 2594 3199; x_wconf 81' lang='lat' dir='ltr'>gestarum</span> 
     </span>
     <span class='ocr_line' id='line_1_34' title="bbox 403 3209 2592 3292; baseline -0.001 -22"><span class='ocrx_word' id='word_1_308' title='bbox 403 3213 504 3271; x_wconf 84' lang='lat' dir='ltr'>Cn.</span> <span class='ocrx_word' id='word_1_309' title='bbox 550 3215 823 3287; x_wconf 82' lang='lat' dir='ltr'>Pompeio</span> <span class='ocrx_word' id='word_1_310' title='bbox 879 3215 1066 3271; x_wconf 89' lang='lat' dir='ltr'>socius</span> <span class='ocrx_word' id='word_1_311' title='bbox 1110 3214 1238 3271; x_wconf 87' lang='lat' dir='ltr'>iure</span> <span class='ocrx_word' id='word_1_312' title='bbox 1283 3214 1637 3272; x_wconf 88' lang='lat' dir='ltr'>adscribitur</span> <span class='ocrx_word' id='word_1_313' title='bbox 1652 3209 1725 3292; x_wconf 80' lang='lat'>⁴),</span> <span class='ocrx_word' id='word_1_314' title='bbox 1777 3219 2089 3286; x_wconf 88' lang='lat' dir='ltr'>propterea</span> <span class='ocrx_word' id='word_1_315' title='bbox 2133 3213 2283 3286; x_wconf 90' lang='lat' dir='ltr'>quod</span> <span class='ocrx_word' id='word_1_316' title='bbox 2330 3217 2478 3273; x_wconf 88' lang='lat' dir='ltr'>alter</span> <span class='ocrx_word' id='word_1_317' title='bbox 2517 3209 2592 3267; x_wconf 89' lang='lat' dir='ltr'>uni</span> 
     </span>
     <span class='ocr_line' id='line_1_35' title="bbox 399 3301 2591 3375; baseline -0.001 -18"><span class='ocrx_word' id='word_1_318' title='bbox 399 3302 544 3359; x_wconf 89' lang='lat' dir='ltr'>illud</span> <span class='ocrx_word' id='word_1_319' title='bbox 590 3303 804 3361; x_wconf 90' lang='lat' dir='ltr'>bellum</span> <span class='ocrx_word' id='word_1_320' title='bbox 847 3301 1273 3375; x_wconf 89' lang='lat' dir='ltr'>suscipiendum</span> <span class='ocrx_word' id='word_1_321' title='bbox 1316 3302 1523 3359; x_wconf 88' lang='lat' dir='ltr'>vestris</span> <span class='ocrx_word' id='word_1_322' title='bbox 1573 3303 1857 3375; x_wconf 85' lang='lat' dir='ltr'>suffragiis</span> <span class='ocrx_word' id='word_1_323' title='bbox 1905 3302 2138 3374; x_wconf 89' lang='lat' dir='ltr'>detulit,</span> <span class='ocrx_word' id='word_1_324' title='bbox 2182 3302 2335 3359; x_wconf 89' lang='lat' dir='ltr'>alter</span> <span class='ocrx_word' id='word_1_325' title='bbox 2366 3303 2591 3360; x_wconf 86' lang='lat' dir='ltr'>delatum</span> 
     </span>
    </p>
   </div>
   <div class='ocr_carea' id='block_1_3' title="bbox 284 3389 2588 3551">
    <p class='ocr_par' dir='ltr' id='par_1_3' title="bbox 284 3389 2588 3551">
     <span class='ocr_line' id='line_1_36' title="bbox 398 3389 1157 3463; baseline 0.004 -18"><span class='ocrx_word' id='word_1_326' title='bbox 398 3395 842 3463; x_wconf 88' lang='lat' dir='ltr'>susceptumque</span> <span class='ocrx_word' id='word_1_327' title='bbox 888 3389 1157 3448; x_wconf 86' lang='lat' dir='ltr'>confecit.</span> 
     </span>
     <span class='ocr_line' id='line_1_37' title="bbox 284 3472 2588 3551; baseline -0.006 -5"><span class='ocrx_word' id='word_1_328' title='bbox 284 3478 377 3547; x_wconf 77' lang='lat'>20</span> <span class='ocrx_word' id='word_1_329' title='bbox 570 3477 881 3550; x_wconf 86' lang='lat' dir='ltr'>Reliquum</span> <span class='ocrx_word' id='word_1_330' title='bbox 951 3484 1066 3551; x_wconf 90' lang='lat' dir='ltr'>est,</span> <span class='ocrx_word' id='word_1_331' title='bbox 1134 3484 1199 3535; x_wconf 90' lang='lat' dir='ltr'>ut</span> <span class='ocrx_word' id='word_1_332' title='bbox 1266 3476 1339 3536; x_wconf 90' lang='lat' dir='ltr'>de</span> <span class='ocrx_word' id='word_1_333' title='bbox 1403 3478 1468 3548; x_wconf 83' lang='lat' dir='ltr'>Q.</span> <span class='ocrx_word' id='word_1_334' title='bbox 1528 3477 1718 3536; x_wconf 88' lang='lat' dir='ltr'>Catuli</span> <span class='ocrx_word' id='word_1_335' title='bbox 1783 3477 2129 3535; x_wconf 86' lang='lat' dir='ltr'>auctoritate</span> <span class='ocrx_word' id='word_1_336' title='bbox 2200 3482 2261 3535; x_wconf 92' lang='lat' dir='ltr'>et</span> <span class='ocrx_word' id='word_1_337' title='bbox 2328 3472 2588 3535; x_wconf 82' lang='lat' dir='ltr'>sententia</span> 
     </span>
    </p>
   </div>
   <div class='ocr_carea' id='block_1_4' title="bbox 295 3564 2586 3639">
    <p class='ocr_par' dir='ltr' id='par_1_4' title="bbox 295 3564 2586 3639">
     <span class='ocr_line' id='line_1_38' title="bbox 295 3564 2586 3639; baseline -0 -18"><span class='ocrx_word' id='word_1_338' title='bbox 295 3572 373 3630; x_wconf 86' lang='lat'>59</span> <span class='ocrx_word' id='word_1_339' title='bbox 395 3564 703 3623; x_wconf 90' lang='lat' dir='ltr'>dicendum</span> <span class='ocrx_word' id='word_1_340' title='bbox 749 3583 876 3624; x_wconf 89' lang='lat' dir='ltr'>esse</span> <span class='ocrx_word' id='word_1_341' title='bbox 924 3566 1208 3625; x_wconf 86' lang='lat' dir='ltr'>videatur.</span> <span class='ocrx_word' id='word_1_342' title='bbox 1297 3566 1410 3636; x_wconf 81' lang='lat' dir='ltr'>Qui</span> <span class='ocrx_word' id='word_1_343' title='bbox 1451 3583 1579 3624; x_wconf 91' lang='lat' dir='ltr'>cum</span> <span class='ocrx_word' id='word_1_344' title='bbox 1625 3583 1696 3623; x_wconf 88' lang='lat' dir='ltr'>ex</span> <span class='ocrx_word' id='word_1_345' title='bbox 1742 3567 1899 3624; x_wconf 88' lang='lat' dir='ltr'>vobis</span> <span class='ocrx_word' id='word_1_346' title='bbox 1931 3571 2272 3639; x_wconf 88' lang='lat' dir='ltr'>quaereret,</span> <span class='ocrx_word' id='word_1_347' title='bbox 2317 3567 2364 3623; x_wconf 88' lang='lat' dir='ltr'>si</span> <span class='ocrx_word' id='word_1_348' title='bbox 2411 3568 2468 3623; x_wconf 90' lang='lat' dir='ltr'>in</span> <span class='ocrx_word' id='word_1_349' title='bbox 2496 3575 2586 3619; x_wconf 92' lang='lat' dir='ltr'>uno</span> 
     </span>
    </p>
   </div>
   <div class='ocr_carea' id='block_1_5' title="bbox 2644 2094 2656 2641">
    <p class='ocr_par' dir='ltr' id='par_1_5' title="bbox 2644 2094 2656 2641">
     <span class='ocr_line' id='line_1_39' title="bbox 2644 2094 2656 2641; baseline 0 0"><span class='ocrx_word' id='word_1_350' title='bbox 2644 2094 2656 2641; x_wconf 95' lang='lat' dir='ltr'> </span> 
     </span>
    </p>
   </div>
   <div class='ocr_carea' id='block_1_6' title="bbox 399 3683 805 3691">
    <p class='ocr_par' dir='ltr' id='par_1_6' title="bbox 399 3683 805 3691">
     <span class='ocr_line' id='line_1_40' title="bbox 399 3683 805 3691; baseline 0 663"><span class='ocrx_word' id='word_1_351' title='bbox 399 3683 805 3691; x_wconf 95' lang='lat' dir='ltr'> </span> 
     </span>
    </p>
   </div>
   <div class='ocr_carea' id='block_1_7' title="bbox 393 3729 2583 3939">
    <p class='ocr_par' dir='ltr' id='par_1_7' title="bbox 393 3729 2583 3939">
     <span class='ocr_line' id='line_1_41' title="bbox 569 3729 2583 3802; baseline -0.002 -19"><span class='ocrx_word' id='word_1_352' title='bbox 569 3732 623 3798; x_wconf 90' lang='lat'>1)</span> <span class='ocrx_word' id='word_1_353' title='bbox 658 3729 935 3783; x_wconf 75' lang='lat' dir='ltr'>escendere</span> <span class='ocrx_word' id='word_1_354' title='bbox 969 3731 1083 3784; x_wconf 89' lang='lat' dir='ltr'>cod.</span> <span class='ocrx_word' id='word_1_355' title='bbox 1114 3731 1258 3784; x_wconf 82' lang='lat' dir='ltr'>Col.:</span> <span class='ocrx_word' id='word_1_356' title='bbox 1306 3731 1591 3784; x_wconf 79' lang='lat' dir='ltr'>ascendere</span> <span class='ocrx_word' id='word_1_357' title='bbox 1627 3731 1840 3799; x_wconf 89' lang='lat' dir='ltr'>reliqui.</span> <span class='ocrx_word' id='word_1_358' title='bbox 1931 3731 1985 3796; x_wconf 83' lang='lat'>2)</span> <span class='ocrx_word' id='word_1_359' title='bbox 2024 3746 2179 3796; x_wconf 77' lang='lat' dir='ltr'>quem</span> <span class='ocrx_word' id='word_1_360' title='bbox 2214 3748 2310 3801; x_wconf 86' lang='lat' dir='ltr'>pro</span> <span class='ocrx_word' id='word_1_361' title='bbox 2350 3745 2469 3783; x_wconf 75' lang='lat' dir='ltr'>cum</span> <span class='ocrx_word' id='word_1_362' title='bbox 2487 3737 2583 3802; x_wconf 56' lang='lat' dir='ltr'>emp</span> 
     </span>
     <span class='ocr_line' id='line_1_42' title="bbox 395 3800 2582 3871; baseline -0.001 -18"><span class='ocrx_word' id='word_1_363' title='bbox 395 3801 733 3854; x_wconf 88' lang='lat' dir='ltr'>scribendum</span> <span class='ocrx_word' id='word_1_364' title='bbox 769 3801 975 3856; x_wconf 89' lang='lat' dir='ltr'>iudicat</span> <span class='ocrx_word' id='word_1_365' title='bbox 1008 3802 1230 3870; x_wconf 86' lang='lat' dir='ltr'>Kayser.</span> <span class='ocrx_word' id='word_1_366' title='bbox 1395 3804 1446 3871; x_wconf 88' lang='lat'>3)</span> <span class='ocrx_word' id='word_1_367' title='bbox 1488 3802 1719 3854; x_wconf 79' lang='lat' dir='ltr'>audeam</span> <span class='ocrx_word' id='word_1_368' title='bbox 1756 3800 1906 3854; x_wconf 84' lang='lat' dir='ltr'>codd.</span> <span class='ocrx_word' id='word_1_369' title='bbox 1947 3817 2149 3854; x_wconf 89' lang='lat' dir='ltr'>omnes.</span> <span class='ocrx_word' id='word_1_370' title='bbox 2258 3801 2315 3867; x_wconf 87' lang='lat'>4)</span> <span class='ocrx_word' id='word_1_371' title='bbox 2354 3800 2441 3854; x_wconf 89' lang='lat' dir='ltr'>Sic</span> <span class='ocrx_word' id='word_1_372' title='bbox 2474 3809 2582 3849; x_wconf 86' lang='lat' dir='ltr'>com·</span> 
     </span>
     <span class='ocr_line' id='line_1_43' title="bbox 393 3871 2582 3939; baseline -0.004 -15"><span class='ocrx_word' id='word_1_373' title='bbox 393 3872 449 3925; x_wconf 93' lang='lat' dir='ltr'>in</span> <span class='ocrx_word' id='word_1_374' title='bbox 485 3871 566 3925; x_wconf 87' lang='lat' dir='ltr'>ed.</span> <span class='ocrx_word' id='word_1_375' title='bbox 595 3873 795 3939; x_wconf 87' lang='lat' dir='ltr'>priore;</span> <span class='ocrx_word' id='word_1_376' title='bbox 832 3889 935 3926; x_wconf 86' lang='lat' dir='ltr'>rec.</span> <span class='ocrx_word' id='word_1_377' title='bbox 964 3873 1270 3926; x_wconf 86' lang='lat' dir='ltr'>Eberhard:</span> <span class='ocrx_word' id='word_1_378' title='bbox 1309 3872 1430 3925; x_wconf 77' lang='lat' dir='ltr'>iure</span> <span class='ocrx_word' id='word_1_379' title='bbox 1471 3873 1625 3926; x_wconf 84' lang='lat' dir='ltr'>deest</span> <span class='ocrx_word' id='word_1_380' title='bbox 1660 3874 1714 3924; x_wconf 93' lang='lat' dir='ltr'>in</span> <span class='ocrx_word' id='word_1_381' title='bbox 1742 3871 1909 3936; x_wconf 65' lang='lat' dir='ltr'>codd„</span> <span class='ocrx_word' id='word_1_382' title='bbox 1945 3871 2285 3924; x_wconf 78' lang='lat' dir='ltr'>adscribetur</span> <span class='ocrx_word' id='word_1_383' title='bbox 2310 3872 2582 3924; x_wconf 82' lang='lat' dir='ltr'>Heumann·</span> 
     </span>
    </p>
   </div>
  </div>
 </body>
</html>
