2669 4354
384 205 505 261 106
1314 217 1532 259 οΒΑΤῙο
1576 219 1657 257 1v.

377 408 453 449 ne
515 391 590 448 ad
651 390 1072 463 deplorandum
1133 390 1366 462 quidem
1432 391 1631 463 populi
1690 389 1937 448 Romani
2004 407 2214 448 nomen
2281 396 2449 462 atque
2512 390 2575 448 ad

317 476 360 543 3
378 478 807 538 lamentandam
851 479 1003 536 tanti
1048 479 1281 550 imperii
1323 479 1713 537 calamitatem
1742 478 2118 551 relinquatur.
2209 479 2369 536 Haec
2403 479 2576 536 omnia

322 570 358 627 5
378 567 601 625 indices
659 566 1018 640 detulerunt,
1086 567 1177 624 rei
1235 566 1486 624 confessi
1551 571 1710 639 sunt,
1770 582 1870 624 vos
1937 567 2132 625 multis
2194 567 2311 624 iam
2368 567 2575 624 iudiciis

378 654 761 712 iudicavistis:
814 655 1088 727 primum,
1145 654 1297 726 quod
1344 654 1484 712 mihi
1531 655 1748 727 gratias
1797 654 1996 727 egistis
2043 654 2423 727 singularibus
2465 671 2574 711 ver·

378 743 467 801 bis
515 747 575 801 et
617 759 751 801 mea
794 743 1009 800 virtute
1059 747 1233 814 atque
1280 742 1585 814 diligentia
1635 741 1991 815 perditorum
2051 743 2343 800 hominum
2400 743 2573 799 coniu-

377 832 663 889 rationem
721 829 1074 902 patefactam
1136 846 1263 888 esse
1325 831 1698 904 decrevistis3
1762 829 2000 900 deinde,
2062 831 2213 902 quod
2273 830 2337 888 P.
2383 831 2575 888 Lentu-

378 920 498 976 lum
554 935 617 976 se
663 917 936 975 abdicare
979 922 1254 990 praetura
1310 918 1617 990 coegistis3
1675 922 1798 975 tum
1858 918 2009 990 quod
2067 935 2200 976 eum
2247 924 2306 976 et
2352 923 2574 983 ceteros

378 1005 451 1063 de
507 1007 714 1078 quibus
775 1005 1072 1063 iudicastis
1089 1050 1104 1079 ,
1159 1007 1220 1063 in
1277 1005 1596 1063 custodiam
1652 1004 1871 1064 dandos
1928 1007 2261 1079 censuistis,
2324 1006 2577 1063 maxime-

377 1111 518 1167 que,
587 1093 737 1167 quod
796 1109 926 1151 meo
998 1093 1228 1151 nomine
1287 1094 1767 1166 supplicationem
1825 1092 2194 1168 decrevistiS,
2262 1095 2358 1166 qui
2418 1095 2574 1151 honos

378 1186 576 1254 togato
622 1180 856 1239 habitus
901 1186 1038 1239 ante
1082 1198 1174 1239 me
1219 1187 1309 1240 est
1351 1181 1595 1255 nemini3
1641 1187 1932 1252 postremo
1975 1182 2249 1240 hesterno
2291 1182 2388 1239 die
2434 1197 2576 1252 prae-

378 1271 494 1328 mia
557 1270 768 1342 legatis
836 1267 1206 1341 Allobrogum
1261 1270 1505 1341 Titoque
1565 1269 1860 1327 Volturcio
1918 1268 2157 1328 dedistis
2225 1270 2573 1343 amplissima

379 1357 541 1428 Quae
588 1362 723 1415 sunt
766 1358 959 1414 omnia
1018 1357 1142 1415 eius
1195 1357 1381 1431 modi,
1458 1362 1522 1414 ut
1569 1357 1644 1429 ii,
1708 1357 1806 1429 qui
1851 1358 1915 1414 in
1963 1358 2279 1416 custodiam
2338 1357 2576 1415 nomina-

379 1445 484 1504 tim
551 1445 673 1503 dati
733 1450 890 1515 sunt,
967 1446 1089 1502 sine
1157 1445 1277 1503 ulla
1345 1445 1704 1503 dubitatione
1782 1461 1819 1503 a
1888 1444 2050 1504 vobis
2127 1445 2387 1504 damnati
2469 1460 2574 1502 esse
2631 1460 2632 1463 ¹

262 1561 279 1577 ν
377 1533 700 1592 videantur.
1037 1593 1043 1599 ,

321 1624 357 1679 6
554 1620 670 1680 Sed
730 1637 836 1695 ego
891 1621 1115 1679 institui
1167 1621 1395 1680 referre
1453 1621 1528 1680 ad
1584 1637 1712 1694 VOS,
1778 1626 1976 1693 patres
2040 1622 2386 1694 conscripti,
2455 1627 2574 1678 tam-

377 1725 549 1782 quam
607 1710 930 1783 integrum,
993 1715 1055 1766 et
1115 1712 1187 1770 de
1240 1709 1395 1767 facto
1452 1708 1589 1780 quid
1641 1709 1943 1781 iudicetiS,
1998 1715 2058 1768 et
2104 1710 2177 1767 de
2223 1725 2418 1782 poena
2462 1707 2573 1781 quid

379 1797 683 1856 censeatis,
786 1798 895 1856 Illa
950 1799 1310 1870 praedicam,
1378 1814 1523 1869 quae
1586 1802 1718 1854 sunt
1779 1797 2042 1856 consulis,
2144 1796 2274 1868 Ego
2329 1812 2573 1869 magnum
2629 1872 2630 1877 η

377 1886 440 1943 in
496 1903 562 1944 re
628 1885 860 1958 publica
922 1889 1144 1944 versari
1217 1884 1473 1943 furorem
1543 1890 1605 1942 et
1669 1901 1819 1943 nova
1885 1885 2170 1957 quaedam
2241 1885 2475 1944 misceri
2528 1890 2572 1940 et

379 1973 661 2031 concitari
726 1973 880 2031 mala
947 1974 1061 2030 iam
1118 1974 1347 2048 pridem
1408 1972 1702 2031 videbam:
1781 1973 1883 2030 sed
1945 1973 2096 2031 hanc
2154 1979 2412 2045 tantam,
2476 1978 2570 2030 tam

380 2061 680 2119 exitiosam
759 2061 963 2119 haberi
1039 2061 1493 2120 coniurationem
1581 2077 1617 2118 a
1693 2061 1909 2118 civibus
1993 2077 2305 2132 numquam
2384 2060 2570 2135 putavi.

377 2150 574 2223 Nunc,
642 2147 913 2222 quidquid
961 2154 1081 2224 est,
1135 2159 1491 2224 quocumque
1536 2153 1766 2207 vestrae
1814 2154 2038 2207 mentes
2086 2149 2373 2208 inclinant
2428 2155 2570 2221 atque

378 2238 704 2296 sententiae
725 2283 740 2309 ‚
804 2238 1172 2297 statuendum
1215 2238 1378 2297 vobis
1426 2242 1561 2295 ante
1618 2243 1845 2296 noctem
1907 2243 2011 2294 est.
2120 2237 2417 2308 Quantum
2459 2236 2572 2294 faci-

379 2342 486 2382 nus
531 2325 605 2383 ad
649 2341 752 2382 vos
798 2326 1053 2384 delatum
1109 2328 1214 2401 sit,
1268 2326 1493 2383 videtis,
1603 2325 1752 2383 Huic
1808 2325 1857 2382 si
1916 2339 2133 2398 paucos
2186 2327 2408 2397 putatis
2462 2323 2573 2381 adfi-

379 2429 484 2471 nes
546 2428 705 2485 esse,
771 2414 1150 2472 vehementer
1206 2415 1432 2473 erratis,
1567 2414 1772 2472 Latius
1834 2414 2101 2485 opinione
2162 2412 2572 2471 disseminatum

380 2507 468 2559 est
511 2500 617 2558 hoc
660 2500 902 2575 malum3
960 2503 1215 2561 manavit
1273 2518 1388 2560 non
1444 2502 1625 2559 solum
1680 2517 1789 2574 per
1833 2501 2094 2575 Italiam,
2154 2518 2367 2559 verum
2424 2502 2572 2560 etiam

378 2588 738 2646 transcendit
803 2589 980 2662 Alpes
1056 2595 1117 2648 et
1181 2589 1424 2649 obscure
1511 2605 1751 2663 serpens
1813 2589 2022 2646 multas
2088 2590 2204 2647 iam
2272 2589 2572 2661 provincias
2633 2607 2634 2610 ¹

379 2676 695 2750 occupavit.
803 2677 872 2734 Id
917 2678 1162 2752 opprimi
1207 2677 1582 2737 sustentando
1628 2683 1689 2735 et
1709 2673 1760 2754 1)
1815 2678 2157 2749 prolatando
2214 2678 2379 2736 nullo
2428 2681 2571 2751 pacto
2633 2691 2634 2694 ¹

379 2770 599 2837 potest3
687 2781 1046 2838 quacumque
1114 2768 1344 2824 ratione
1418 2766 1641 2839 placet,
1730 2765 2000 2823 celeriter
2069 2766 2230 2823 vobis
2301 2766 2571 2824 vindican-
2639 2828 2640 2831 Ἴ

379 2853 513 2911 dum
558 2857 664 2911 est.

315 2935 362 2998 4
556 2940 740 2999 Video
796 2940 984 2999 adhuc
1045 2942 1187 2999 duas
1256 2958 1383 2999 esse
1443 2941 1790 3015 sententiaS,
1867 2957 2040 2998 unam
2098 2940 2170 2997 D.
2217 2941 2434 3015 Silani,
2495 2936 2571 3010 qui
2639 2974 2640 2977 κ

321 3030 356 3086 7
379 3034 580 3087 censet
619 3044 749 3103 eOS,
798 3030 892 3101 qui
938 3028 1082 3087 haec
1128 3028 1327 3088 delere
1375 3029 1567 3086 conati
1612 3035 1775 3101 sunt,
1830 3034 2015 3086 morte
2066 3045 2193 3086 esse
2239 3028 2569 3095 multandos3

377 3117 621 3175 alteram
683 3115 742 3174 C.
808 3115 1076 3175 Caesaris
1095 3162 1111 3189 ,
1178 3118 1275 3189 qui
1344 3117 1541 3173 mortis
1599 3133 1848 3188 poenam
1906 3122 2200 3190 removet,
2265 3123 2568 3175 ceterorum
2638 3167 2640 3182 ,

376 3205 780 3278 suppliciorum
827 3220 1023 3262 omnes
1069 3203 1420 3263 acerbitates
1461 3204 1851 3276 amplectitur.
1943 3204 2200 3275 Uterque
2249 3210 2311 3262 et
2355 3220 2457 3277 pro
2485 3214 2568 3258 sua
2639 3193 2640 3260 ζ

376 3291 660 3365 dignitate
717 3297 778 3351 et
829 3310 935 3366 pro
992 3309 1188 3351 rerum
1243 3292 1641 3365 magnitudine
1702 3293 1764 3349 in
1821 3308 2043 3349 summa
2100 3292 2417 3350 severitate
2460 3304 2567 3347 ver-

374 3384 551 3437 satur.
654 3381 819 3439 Alter
872 3397 996 3454 eOS,
1066 3382 1165 3454 qui
1218 3397 1322 3439 nos
1375 3397 1597 3451 omneS,
1670 3378 1785 3455 [qui
1849 3381 2122 3453 populum
2181 3368 2512 3456 Romanum]
2528 3366 2566 3454 Β)

374 3468 495 3525 vita
551 3468 786 3540 privare
832 3470 1026 3527 conati
1084 3470 1218 3527 su'nt
1235 3513 1248 3540 ,
1308 3469 1407 3542 qui
1451 3468 1651 3527 delere
1695 3469 2003 3541 imperium
2022 3513 2037 3543 ‚
2094 3469 2191 3540 qui
2245 3468 2442 3542 populi
2477 3464 2570 3522 Ro-

516 3670 567 3737 1)
607 3668 853 3722 nonnulli
891 3668 1042 3723 codd.
1080 3674 1205 3737 aut,
1254 3667 1350 3722 alii
1387 3684 1478 3735 ac,
1518 3668 1658 3737 quod
1694 3685 1796 3722 rec.
1838 3667 2132 3721 Eberhard.
2317 3668 2370 3735 2)
2410 3661 2564 3717 Verba

364 3737 470 3806 'qui
527 3739 716 3806 popul.
780 3738 936 3794 Rom.
1011 3739 1232 3793 Blochio
1305 3742 1523 3793 auctore
1591 3739 1740 3793 uncis
1817 3738 2008 3792 inclus,
2073 3738 2323 3806 Madvig,
2407 3734 2561 3795 Halm,

370 3809 660 3865 Eberhard.
