2669 4354
413 207 444 262 1
456 206 538 264 80
658 194 663 203 ’
1418 219 1637 261 onum

405 396 528 454 acri
573 396 766 453 animo
813 380 1191 468 defenderet,
1230 394 1348 468 illi,
1394 394 1493 466 qui
1524 398 1696 452 erant
1726 409 1857 450 cum
1888 391 2122 467 Clodio,
2168 393 2374 465 gladiis
2402 394 2594 452 eductis

404 485 618 557 partim
673 499 978 542 recurrere
1004 476 1055 561 1)
1114 481 1187 540 ad
1234 481 1434 540 redam
1451 527 1467 556 ,
1527 486 1592 538 ut
1630 498 1666 538 a
1709 485 1879 554 tergo
1917 481 2194 539 Milonem
2239 481 2595 555 adorirentur,

403 572 617 644 partim
642 617 657 645 ,
706 571 856 644 quod
902 571 1052 628 hunc
1097 571 1213 627 iam
1245 568 1621 627 interfectum
1651 573 1959 642 putarent,
2007 569 2254 627 caedere
2285 565 2597 650 incipiunt2)

406 660 534 718 eius
572 675 797 732 servos,
843 659 942 732 qui
985 663 1119 731 post
1163 662 1363 732 erant3
1411 674 1482 714 ex
1529 657 1735 729 quibus
1778 658 1874 728 qui
1920 657 2114 715 animo
2158 655 2314 715 fideli
2358 659 2417 715 in
2446 658 2597 716 domi-

405 764 540 806 num
600 752 662 805 et
707 747 1006 820 praesenti
1053 744 1320 819 fuerunt,
1379 745 1587 817 partim
1636 745 1811 802 occisi
1859 749 1991 803 sunt
2009 789 2024 818 ,
2082 746 2294 817 partim
2310 791 2325 819 ,
2383 764 2502 804 cum
2539 747 2595 804 ad

403 835 607 893 redam
651 835 901 908 pugnari
940 832 1241 907 viderent,
1288 833 1520 890 domino
1568 849 1910 890 succurrere
1940 833 2412 908 prohiberentur,
2455 835 2595 891 Milo-

405 940 539 981 nem
597 923 849 981 occisum
912 926 972 980 et
1034 938 1105 979 ex
1168 923 1294 994 ipso
1342 920 1542 979 Clodio
1599 918 1873 977 audirent
1929 926 1990 978 et
2031 937 2098 978 re
2146 937 2288 978 vera
2332 927 2594 995 putarent,
2653 972 2654 979 ,

406 1010 675 1069 fecerunt
733 1010 793 1067 id
856 1009 1009 1068 servi
1049 1009 1286 1067 Milonis
1310 1005 1362 1083 3)
1412 1041 1496 1048 —
1557 1007 1743 1064 dicam
1793 1009 1947 1065 enim
1991 1014 2192 1080 aperte
2218 1002 2273 1089 4)
2319 1026 2433 1068 non
2475 1010 2596 1068 deri-
2653 1004 2654 1069 ζ

405 1098 579 1157 vandi
626 1097 881 1155 criminis
941 1112 1145 1170 causa,
1209 1096 1311 1154 sed
1359 1101 1422 1153 ut
1468 1094 1685 1153 factum
1733 1100 1822 1154 est
1860 1128 1939 1135 —-
1986 1112 2099 1154 nec
2142 1097 2468 1169 imperante
2510 1113 2595 1154 nec
2653 1090 2654 1095 ’

407 1186 628 1244 sciente
674 1201 783 1242 nec
828 1189 1137 1258 praesente
1183 1184 1446 1262 domino,
1506 1182 1657 1255 quod
1709 1199 1842 1241 suos
1889 1184 2131 1256 quisque
2177 1201 2378 1244 servos
2422 1188 2480 1243 in
2514 1186 2596 1244 tali
2649 1184 2650 1191 ’

406 1291 474 1332 re
519 1271 719 1331 facere
768 1273 1067 1331 voluisset.

301 1359 391 1426 11
581 1361 745 1419 Haec
801 1361 969 1418 sicuti
987 1354 1041 1439 ⁵)
1094 1360 1362 1433 exposui,
1429 1359 1513 1416 ita
1569 1363 1736 1431 gesta
1796 1363 1955 1432 sunt,
2022 1359 2275 1419 iudices:
2330 1362 2596 1421 insidiator

306 1454 390 1512 30
409 1454 713 1522 superatus
783 1452 904 1519 est,
970 1448 1026 1506 vi
1088 1447 1238 1505 victa
1290 1447 1377 1505 vis
1419 1448 1513 1504 vel
1558 1446 1750 1517 potius
1796 1462 2088 1518 oppressa·
2115 1449 2335 1508 virtute
2385 1450 2596 1508 audacia
2647 1500 2648 1503 ,

410 1542 516 1595 est.
602 1537 760 1595 Nihil
802 1535 932 1593 dico
951 1581 967 1610 ,
1014 1535 1151 1608 quid
1195 1551 1290 1592 res
1337 1535 1569 1607 publica
1614 1540 1931 1592 consecuta
1969 1535 2077 1603 sit,
2123 1536 2298 1612 nihil,
2349 1538 2482 1610 quid
2504 1554 2595 1609 VOS,

406 1624 582 1698 nihil,
644 1624 780 1697 quid
847 1639 1045 1681 omnes
1103 1621 1270 1680 boni:
1329 1623 1473 1679 nihil
1539 1638 1679 1679 sane
1735 1621 1797 1680 id
1842 1623 2027 1695 prosit
2063 1623 2308 1699 Miloni,
2380 1627 2473 1698 qui
2513 1625 2596 1682 hoc

407 1711 528 1771 fato
572 1717 742 1770 natus
790 1716 912 1785 est,
958 1715 1024 1768 ut
1070 1727 1143 1768 ne
1187 1726 1249 1768 se
1295 1710 1526 1782 quidem
1571 1725 1806 1768 servare
1851 1711 2139 1784 potuerit,
2184 1713 2328 1784 quin
2360 1731 2474 1772 una
2499 1731 2594 1772 rem

406 1800 698 1874 publicam
754 1815 970 1872 vosque
1032 1802 1308 1856 servaret.
1418 1798 1479 1856 Si
1535 1797 1595 1855 id
1638 1798 1766 1854 iure
1808 1794 1935 1854 fieri
1979 1815 2096 1857 non
2130 1802 2324 1872 potuit
2346 1796 2430 1878 6),
2483 1801 2596 1858 nihil
2653 1870 2654 1877 ἵ

406 1889 595 1949 habeo
639 1887 790 1960 quod
817 1881 868 1967 ⁷)
932 1884 1272 1959 defendam,
1333 1886 1422 1944 sin
1483 1886 1594 1942 hoc
1655 1889 1715 1943 et
1773 1885 1923 1943 ratio
1963 1885 2149 1944 doctis
2193 1893 2255 1944 et
2306 1891 2596 1948 necessitas

407 1976 672 2034 barbaris
719 1981 778 2032 et
823 1990 942 2032 mos
989 1972 1255 2046 gentibus
1301 1978 1363 2031 et
1407 1971 1547 2032 feris
1593 1973 1769 2030 etiam
1813 1973 2000 2031 beluis
2046 1979 2255 2032 natura
2303 1978 2432 2050 ipsa
2460 1993 2597 2050 prae-

407 2065 656 2137 scripsit,
688 2068 753 2120 ut
782 2078 1008 2119 omnem
1040 2078 1274 2134 semper
1302 2062 1438 2135 vim,
1478 2076 1838 2133 quacumque
1872 2077 1979 2133 ope
2010 2069 2265 2137 possent,
2304 2082 2341 2122 a
2372 2081 2598 2138 corpore,
2652 2120 2654 2125 ⁴

409 2167 444 2209 a
476 2151 685 2225 capite,
732 2166 767 2207 a
806 2150 926 2207 vita
971 2166 1074 2208 sua
1116 2150 1555 2223 propulsarent,
1601 2164 1716 2206 non
1749 2150 1991 2222 potestis
2023 2150 2131 2208 hoc
2160 2149 2393 2213 facinus
2423 2155 2600 2227 impro-

404 2240 541 2297 bum
570 2238 832 2296 iudicare
853 2282 867 2311 ,
912 2238 1050 2310 quin
1092 2238 1259 2295 simul
1303 2237 1575 2295 iudicetis
1618 2237 1909 2310 omnibus,
1953 2239 2050 2310 qui
2097 2239 2154 2295 in
2195 2242 2460 2300 latrones
2487 2241 2599 2300 inci·

408 2328 628 2399 derint,
698 2331 798 2384 aut
861 2327 1089 2383 illorum
1134 2326 1267 2383 telis
1310 2332 1412 2384 aut
1458 2326 1665 2383 vestris
1719 2326 2023 2384 sententiis
2075 2343 2201 2385 esse
2249 2330 2598 2401 pereundum.
2653 2383 2654 2386 ,

307 2420 385 2477 31
408 2413 573 2486 Quod
630 2414 678 2471 si
728 2414 813 2471 ita
865 2418 1148 2486 putasset,
1204 2418 1364 2471 certe
1427 2413 1736 2485 optabilius
1773 2413 1979 2471 Miloni
2026 2412 2137 2473 fuit
2182 2416 2329 2474 dare
2376 2419 2600 2492 iugulum
2652 2413 2654 2480 ζ

409 2503 475 2562 Ρ.
509 2501 745 2574 Clodio,
790 2518 906 2558 non
956 2502 1135 2558 semel
1180 2500 1252 2558 ab
1299 2501 1400 2558 illo
1441 2517 1629 2573 neque
1676 2506 1796 2558 tum
1840 2504 2084 2573 primum
2129 2505 2417 2578 petitum,
2461 2519 2601 2579 quam
2651 2491 2654 2564 Ῐ

411 2590 662 2663 iugulari
723 2606 760 2646 a
812 2589 1005 2662 vobiS,
1065 2589 1202 2661 quia
1256 2604 1319 2646 se
1376 2606 1493 2647 non
1536 2588 1912 2663 iugulandum
1956 2589 2042 2646 illi
2087 2591 2442 2652 tradidisset.
2524 2592 2600 2649 Sin
2651 2573 2654 2616 ⁴*

412 2679 522 2737 hoc
565 2693 736 2736 nemo
780 2683 1032 2735 vestrum
1071 2677 1154 2734 ita
1197 2677 1408 2750 sentit,
1456 2692 1571 2734 non
1614 2675 1757 2734 illud
1796 2677 1913 2734 iam
1960 2678 2020 2732 in
2065 2679 2347 2739 iudicium
2389 2683 2533 2739 venit
2549 2673 2601 2756 ⁸),

411 2767 708 2824 occisusne
755 2765 857 2839 sit,
903 2763 1055 2837 quod
1101 2763 1379 2837 fatemur,
1426 2764 1529 2821 sed
1577 2764 1702 2821 iure
1748 2780 1821 2821 an
1867 2764 2110 2839 iniuria,
2157 2769 2317 2840 quod
2349 2770 2532 2827 multis
2556 2768 2601 2823 in

411 2854 599 2913 causis
645 2869 822 2926 saepe
870 2852 1192 2925 quaesitum
1240 2858 1345 2910 est.
1437 2852 1686 2909 Insidias
1730 2850 1915 2909 factas
1972 2868 2099 2910 esse
2147 2863 2408 2930 constat,
2469 2862 2523 2915 et
2559 2852 2602 2910 id

409 2946 528 3015 est,
591 2942 741 3014 quod
809 2944 1044 2999 senatus
1112 2945 1314 2997 contra
1380 2956 1505 2998 rem
1565 2938 1857 3013 publicam
1920 2938 2139 2999 factum
2179 2944 2487 3019 iudicavit,
2546 2941 2602 2998 ab

409 3035 540 3087 utro
585 3028 777 3087 factae
818 3029 935 3086 sint
972 3028 1259 3085 incertum
1307 3033 1423 3100 est,
1484 3026 1556 3085 de
1604 3028 1712 3084 hoc
1756 3028 1933 3101 igitur
1978 3029 2159 3087 latum
2205 3038 2297 3089 est
2344 3037 2408 3090 ut
2455 3046 2601 3104 quae-

408 3122 654 3176 reretur.
743 3118 835 3175 Ita
895 3121 954 3174 et
1013 3120 1248 3173 senatus
1311 3131 1463 3188 rem,
1529 3132 1645 3173 non
1700 3114 1988 3174 hominem
2036 3120 2292 3193 notavit,
2360 3126 2420 3178 et
2461 3120 2603 3176 Pom-

302 3205 390 3273 12
410 3206 573 3278 peius
636 3205 708 3264 de
753 3207 912 3278 iure,
971 3220 1085 3261 non
1143 3203 1214 3260 de
1261 3202 1416 3261 facto
1462 3203 1859 3275 quaestionem
1903 3206 2051 3262 tulit.
2142 3206 2295 3264 Num
2343 3208 2477 3281 quid
2517 3205 2603 3278 igi·

551 3473 603 3539 1)
641 3472 760 3525 Rau
798 3474 853 3525 et
889 3471 985 3524 alii
1023 3472 1157 3524 coni.
1196 3468 1494 3523 decusrre‘re.
1604 3470 1658 3537 2)
1696 3470 1971 3539 incipiunt
2008 3471 2107 3526 del.
2147 3474 2280 3527 Rau.
2397 3477 2452 3540 3)
2485 3469 2604 3525 serza'

408 3542 641 3597 Milonis
678 3542 917 3609 Ernesti,
966 3543 1142 3604 Bake,
1203 3541 1301 3593 alii
1347 3558 1439 3610 pro
1487 3542 1807 3608 glossemate
1853 3544 2065 3598 habent.
2244 3547 2301 3612 4)
2346 3549 2520 3613 aperte
2554 3556 2602 3592 ex

302 3647 305 3650 Δ
408 3614 469 3669 Ρ.
517 3612 577 3667 Τ.
632 3612 874 3665 additum
910 3616 1007 3666 est.
1239 3613 1294 3678 5)
1350 3611 1528 3664 Sicuti
1571 3613 1685 3665 Erfi
1725 3612 1879 3681 Teg.;
1930 3614 2071 3667 sicut
2109 3615 2300 3678 Halm,
2353 3609 2598 3669 Eberhard

411 3700 474 3765 ex
511 3687 609 3739 cet.
648 3682 793 3736 codd.
832 3682 904 3748 si,
951 3687 1013 3734 ut
1047 3682 1268 3735 Richter
1307 3699 1370 3734 ex
1408 3681 1585 3762 schol,
1623 3683 1754 3735 Bob.
1898 3684 1953 3750 6)
1995 3683 2082 3737 Sic
2119 3686 2178 3739 P.
2207 3686 2379 3768 T·³.⁸i
2412 3685 2471 3738 id
2499 3680 2602 3750 fieri

407 3769 682 3878 fflffe'}
701 3752 1208 3891 ffiffssssss‘ssssgffff*
1247 3752 1972 3890 '33'2213‘5553253255‘245333
1998 3825 2060 3880 T.
2085 3751 2596 3894 Ρίὲέἔεῖῧιθιῖαξᾼῃῖῑ
