2669 4354
883 246 952 289 m
996 248 1348 323 camaram.
2123 235 2241 294 101

82 420 160 477 sed
199 437 287 479 eas
305 467 319 493 ,
384 438 529 494 quas
572 427 792 480 vosmet
835 423 945 493 ipsi
991 422 1332 483 meministis
1381 428 1558 495 atque
1595 422 1840 481 vidistis
1939 425 2025 482 L,
2087 424 2250 482 Sulla

83 506 126 562 P.
161 507 450 581 Sulpicium
498 510 810 583 oppressit3
865 506 961 584 [ex
1008 510 1155 567 urbe
1202 509 1398 584 eiecit]
1420 505 1474 587 1)
1518 508 1581 568 C.
1625 511 1906 584 Marium,
1952 512 2247 570 custodem

84 594 212 652 huius
264 597 442 669 urbiS,
507 598 827 669 multosque
894 595 1074 654 fortes
1125 598 1278 654 viros
1339 598 1551 669 partim
1619 598 1794 657 eiecit
1859 615 1935 656 ex
1993 599 2249 672 civitate,

82 684 248 753 partim
292 685 602 742 interemit.
713 683 814 741 Gn.
830 683 1134 742 *Octavius
1198 684 1400 742 consul
1457 686 1634 742 armis
1693 687 1918 758 expulit
1977 703 2049 744 ex
2099 687 2249 744 urbe

83 771 311 844 collegam
333 768 411 851 2):
472 772 657 830 omnis
712 772 805 828 hic
858 773 1019 830 locus
1072 771 1295 829 acervis
1352 787 1654 844 corporum
1719 778 1783 830 et
1842 773 2053 831 civium
2107 789 2249 831 ean-

80 858 215 927 guine
274 858 636 917 redundavit.
756 857 1065 930 Superavit
1128 863 1334 931 postea
1394 857 1582 916 Cinna
1649 874 1778 918 oum
1833 859 2050 918 Mario:
2121 866 2248 918 tum

83 961 185 1002 vero
228 947 551 1005 clarissimis
607 946 747 1004 veris
802 945 1128 1017 interfectis
1170 945 1406 1002 inanima
1451 946 1707 1005 civitatis
1755 948 2042 1006 exstincta
2097 953 2247 1006 sunt.

79 1031 207 1091 Ultus
242 1039 324 1092 est
362 1036 535 1092 huius
580 1033 865 1092 victoriae
905 1032 1315 1091 crudelitatem
1358 1037 1564 1105 postea
1599 1035 1760 1092 Sulla
1780 1080 1795 1108 ,
1844 1051 1920 1092 ne
1967 1034 2083 1093 dici
2119 1035 2246 1108 qui*-

79 1119 178 1178 dem
217 1138 350 1193 opus
394 1127 513 1192 est,
576 1125 793 1192 quanta
838 1119 1233 1181 deminutione
1281 1120 1490 1178 nivium
1539 1126 1601 1178 et
1651 1126 1869 1193 quanta
1913 1122 2247 1181 calamitate

80 1209 145 1264 rei
193 1210 462 1280 publicae.
571 1207 864 1266 Dissensit
916 1207 997 1264 M.
1044 1207 1299 1278 Lepidus
1356 1224 1392 1265 a
1441 1208 1761 1267 clarissimo
1821 1225 1889 1267 ac
1933 1207 2244 1268 fortissimo

79 1295 169 1353 viro
219 1295 278 1365 Q.
337 1296 577 1356 Catulo:
614 1324 621 1330 ·
658 1296 856 1353 attulit
910 1311 1026 1352 non
1089 1299 1209 1351 tam
1261 1295 1444 1366 ipsius
1501 1296 1798 1357 interitus-
1836 1296 1926 1353 rei
1976 1298 2244 1368 publicae

78 1382 246 1440 luctum
288 1399 455 1456 quam
506 1389 848 1441 ceterorum.
947 1382 1141 1453 Atque
1184 1381 1325 1438 illae
1369 1387 1567 1440 tamen
1613 1398 1812 1441 omnes
1847 1383 2246 1445 dissensiones
2267 1380 2346 1438 25

78 1475 208 1528 erant
259 1472 380 1529 eius
440 1471 633 1544 modi,
704 1470 961 1540 Quirites
976 1462 1058 1547 3),
1126 1483 1274 1539 quae
1329 1485 1444 1526 non
1495 1469 1958 1544 addelendam,
2023 1471 2126 1528 sed
2172 1471 2247 1530 ad

79 1558 493 1618 commutandam
538 1574 666 1615 rem
708 1556 999 1629 publicam
1041 1556 1407 1628 pertinerent
1424 1548 1507 1634 ⁴),
1563 1573 1678 1614 non
1723 1558 1810 1616 illi
1856 1557 2072 1616 nullam
2118 1575 2245 1617 esse

77 1645 513 1718 rempublicam,
560 1644 665 1703 sed
708 1645 772 1702 in
817 1659 916 1717 ea,
962 1659 1111 1716 quae
1156 1649 1341 1715 esset,
1391 1660 1462 1700 se
1510 1659 1637 1700 esse
1681 1645 2001 1719 principeS,
2055 1661 2244 1717 neque

76 1730 190 1788 hanc
228 1734 423 1793 urbem
468 1730 863 1805 eonflagrare,
923 1730 1028 1789 aed
1080 1747 1143 1787 se
1198 1730 1279 1787 in·
1316 1729 1429 1788 hac
1476 1730 1622 1787 urbe
1667 1729 1878 1789 florere
1922 1732 2243 1790 voluerunt.

77 1813 233 1891 [atque
288 1822 425 1881 illae
489 1826 691 1879 tamen
748 1834 953 1876 omnes
1008 1816 1430 1889 dissensiones,
1491 1834 1730 1889 quarum
1785 1818 1948 1877 nulla
2008 1820 2246 1876 exitium

77 1906 143 1963 rei
187 1908 436 1979 publicae
497 1908 814 1980 quaesivit,
878 1905 1005 1964 eius
1058 1903 1213 1962 modi
1267 1903 1534 1978 filerunt,
1606 1911 1671 1962 ut
1729 1921 1845 1963 non
1899 1907 2245 1963 reconcilia·-

80 1992 200 2053 tione
255 1996 633 2066 concordiae,
711 1993 816 2051 sed
870 1992 1275 2050 internecione
1331 1991 1541 2049 civium
1600 1991 1947 2050 diiudicatae
2013 1992 2148 2067 sint]
2175 1985 2246 2074 ⁵).

79 2077 128 2136 In
160 2081 254 2141 hoe
297 2089 493 2143 antem
556 2097 670 2140 uno
714 2085 846 2153 post
888 2079 1182 2138 hominum
1236 2079 1574 2137 memoriam
1629 2079 1878 2138 maximo
1919 2079 2249 2139 erudelissi-

80 2183 240 2241 moque
303 2171 489 2245 bello,
559 2169 728 2243 quale
792 2167 1008 2226 bellum
1076 2167 1234 2226 nulla
1299 2183 1568 2238 umquam
1625 2166 1897 2226 barbaria
1955 2183 2085 2226 eum
2141 2185 2249 2227 sua

80 2262 213 2326 gente
253 2260 452 2333 gessit,
533 2274 646 2330 quo
689 2258 753 2314 in
803 2255 957 2315 bello
1002 2255 1097 2312 lex
1157 2254 1303 2313 haee
1363 2254 1475 2313 fuit
1527 2271 1566 2312 a
1622 2255 1898 2328 Lentule,
1976 2254 2246 2329 Catilina,

81 2340 313 2420 Cethego,
359 2345 566 2406 Caesio
615 2344 954 2416 constituta,
1014 2347 1080 2399 ut
1104 2357 1349 2415 ,omnem
1394 2343 1491 2414 qui
1534 2344 1694 2401 salva
1736 2343 1881 2401 urbe
1927 2343 2072 2401 salvi
2118 2360 2246 2402 esse

78 2439 291 2507 possent,
348 2435 410 2493 in
458 2433 713 2493 hostium
757 2446 998 2489 numero
1037 2430 1418 2504 ducerentur,
1476 2430 1561 2487 ita
1603 2446 1697 2488 me
1741 2429 1928 2503 gessi,
1974 2429 2249 2505 QuiriteS,

80 2522 127 2572 ut
152 2536 335 2579 omnes
377 2522 527 2580 salvi
575 2518 1088 2590 conservaremini,
1135 2522 1221 2590 et,
1266 2533 1394 2575 cum
1439 2517 1635 2576 hostes
1680 2517 1862 2575 vestri
1900 2522 2122 2575 tantum
2171 2519 2249 2576 ei-

77 2604 194 2664 vium
232 2607 671 2682 superfutumm
711 2610 1038 2679 putassent,
1092 2610 1380 2676 quantum
1425 2603 1651 2664 infinita
1698 2622 1729 2664 e
1775 2604 1960 2663 caede
1980 2599 2030 2681 ⁶)
2075 2605 2247 2662 resti-

78 2692 230 2768 tisset,
271 2702 496 2756 tantum
541 2700 736 2754 autem
782 2692 967 2764 urbia,
1009 2697 1283 2764 quantum
1326 2689 1558 2751 flamma
1588 2692 1751 2751 obire
1795 2707 1912 2750 non
1947 2692 2248 2765 potuisset,

79 2784 125 2834 et>
155 2782 336 2842 urbem
381 2790 445 2844 et
490 2783 651 2842 cives
688 2783 953 2854 integros
998 2780 1429 2850 incolumesque
1478 2779 1724 2837 servavi.
1761 2835 1764 2836 γ

212 2870 421 2941 Quibus
479 2886 589 2944 pro
650 2869 829 2928 tantis
894 2866 1097 2941 rebuS,
1166 2866 1419 2937 Quirites
1440 2911 1455 2939 ,
1523 2867 1744 2926 nullum
1812 2881 1919 2939 ego
1983 2882 2021 2923 a
2084 2866 2247 2923 vobis
2264 2855 2352 2920 11

78 2959 345 3021 praemium
391 2958 625 3017 virtutis
636 2997 657 3031 ‚.
706 2955 931 3016 nullum
968 2955 1193 3026 insigne
1228 2954 1498 3026 honoris,
1527 2955 1771 3013 ,nullum
1815 2957 2244 3012 monumentum
2269 2950 2349 3006 26

79 3037 227 3106 laudis
278 3048 505 3120 postulo
563 3048 975 3118 praeterquam
1027 3041 1194 3100 huius
1250 3041 1372 3100 diei
1434 3041 1768 3102 memoriam
1824 3040 2247 3112 sempiternam.

78 3126 129 3186 In
161 3134 352 3192 animis
400 3150 512 3207 ego
560 3132 771 3191 vestris
812 3146 1012 3189 omnes
1056 3129 1372 3201 triumphos
1421 3145 1610 3202 meua,
1671 3129 1863 3187 omnia
1909 3133 2250 3187 ornamenta

79 3213 298 3296 honoris,
348 3225 727 3286 monumenta
779 3218 1029 3292 glai-iae,
1085 3216 1277 3277 laudis
1320 3216 1576 3294 insignia
1620 3215 1787 3276 condi
1849 3222 1913 3274 et
1958 3216 2250 3275 conlocari

188 3402 236 3470 1)
287 3418 349 3456 eoe
382 3403 519 3457 wrbe
557 3400 708 3454 eiecit
736 3399 937 3453 delevit
971 3399 1282 3453 Lambinus.
1507 3398 1562 3464 2)
1612 3397 1869 3466 colleyam
1901 3413 2061 3451 suum
2096 3397 2249 3451 codd.

80 3467 294 3539 plerique.
472 3474 529 3540 3)
568 3476 747 3526 eramt.
766 3469 884 3524 caus
919 3468 1092 3531 modi,
1134 3468 1371 3537 Quirites
1408 3468 1600 3521 inelus.
1636 3467 1856 3524 Ernesti
1872 3507 1885 3531 ‚
1924 3467 2029 3522 del.
2070 3469 2250 3522 Halm.

84 3534 280 3601 Quirites
316 3560 416 3597 om.
457 3559 581 3597 eum
615 3540 801 3611 paucis
838 3538 990 3593 codd.
1030 3538 1324 3594 Eberhard.
1502 3539 1556 3605 4)
1598 3538 1949 3605 pertinebant
1986 3538 2150 3592 Halm
2190 3555 2253 3592 ex

84 3608 172 3663 eod.
220 3612 489 3669 Benediet.
555 3614 610 3666 et
672 3610 970 3678 Salisburg.
1255 3610 1309 3676 5)
1371 3612 1535 3674 atque
1595 3609 1725 3662 illae
1787 3640 1854 3650 —-—
1914 3607 2254 3661 diiudicatae

82 3677 169 3730 sim
196 3682 376 3738 inelus.
416 3684 613 3744 Bloch,
682 3681 937 3749 Madvig,
975 3678 1281 3742 Eberhard3
1351 3681 1512 3744 atque
1545 3678 1676 3732 illae
1711 3709 1779 3720 -—·-
1817 3678 2083 3746 quaesivit
2116 3677 2256 3731 delet

82 3744 315 3875 &gnei-d
393 3755 446 3822 6)
485 3752 709 3821 infinita
747 3767 774 3809 e
809 3749 971 3804 caede
1005 3750 1328 3812 Mommsen;
1355 3747 1622 3814 ,infinitae
1658 3747 1814 3803 caedi
1848 3747 2000 3804 codd.
2019 3788 2032 3812 ‚
2068 3749 2251 3812 Halm,

1820 3896 1854 3952 7
1871 3886 1907 3924 a<
