2669 4354
884 252 1000 292 ruo
1046 254 1097 292 P.
1142 252 1361 295 sns'rm.
2111 237 2235 294 211

85 422 227 480 studio
263 424 321 480 in
362 425 668 482 maximam
712 424 990 484 familiam
1036 426 1415 499 coniecisset,
1479 425 1976 484 exterminandum
2023 442 2094 484 ex
2138 425 2242 483 illa

85 510 189 568 urbe
226 513 452 570 curavit.
543 512 671 582 Qua
723 513 796 571 de
841 530 1016 584 causa
1059 520 1119 572 et
1158 520 1279 572 tum
1322 520 1636 572 conventus
1679 514 1778 571 ille
1826 512 2088 587 Capuae,
2145 513 2242 586 qui

87 605 270 671 propter
312 601 554 658 salutem
594 601 750 658 illius
796 601 956 659 urbis
998 603 1295 660 consulatu
1341 607 1738 661 conservatam
1780 619 1910 660 meo
1940 619 2033 660 me
2063 618 2242 659 unum

87 691 333 756 patronum
377 688 703 761 adoptavit,
750 689 885 746 huic
929 689 1083 762 apud
1128 663 1239 746 me⁶
1270 687 1353 764 [P.
1387 688 1593 768 Sestio]
1621 683 1673 769 ¹)
1717 690 1995 747 maximas
2025 690 2242 764 gratias

87 774 189 846 egit,
239 781 294 833 et
346 776 452 834 hoc
513 782 776 850 tempore
839 776 1029 835 eidem
1075 777 1333 835 homines
1390 778 1621 836 nomine
1670 782 2015 835 commutato
2052 776 2241 835 coloni

87 860 492 936 decurionesque
510 909 525 938 ,
573 864 869 922 fortissimi
917 870 1091 937 atque
1137 866 1337 937 optimi
1383 866 1520 938 viri,
1566 863 1909 923 beneficium
1955 864 2020 923 P.
2067 864 2242 923 Sestii

87 951 358 1010 testimonio
406 952 727 1025 declarant,
772 954 1093 1024 periculum
1136 953 1374 1012 decreto
1406 970 1509 1011 suo
1541 953 1941 1025 deprecantur.
2017 952 2241 1026 Recita,
2263 962 2345 1019 10

90 1053 273 1112 luaeso,
329 1038 396 1098 L.
443 1040 599 1099 Sesti
624 1034 706 1119 2),
767 1041 904 1112 quid
944 1041 1237 1099 decrerint
1295 1040 1532 1114 Capuae
1581 1041 1958 1114 decuriones,
2020 1046 2084 1098 ut
2126 1041 2244 1097 iam

89 1127 271 1195 puerilis
331 1134 436 1186 tua
500 1145 609 1186 vox
673 1129 855 1201 possit
920 1129 1140 1201 aliquid
1206 1127 1534 1200 significare
1607 1129 1855 1186 inimicis
1933 1128 2146 1187 nostris
2169 1124 2243 1208 ⁸),

89 1213 331 1288 luidnam,
391 1233 522 1273 cum
567 1232 630 1273 se
677 1217 1072 1275 conroborarit
1088 1261 1103 1290 ,
1163 1216 1445 1274 effectura
1502 1232 1630 1275 esse
1685 1215 1970 1274 videatur.
2059 1232 2245 1273 11111017-

89 1316 266 1360 11οΜ
320 1320 615 1361 nmmum.
704 1303 835 1361 Non
897 1305 1082 1363 recito
1142 1305 1441 1362 decretum
1504 1303 1694 1363 officio
1753 1305 1950 1376 aliquo
2012 1320 2246 1376 expres-

89 1405 172 1445 mm
208 1392 516 1450 vicinitatis
554 1397 657 1449 aut
700 1393 1007 1450 clientelae
1053 1398 1156 1450 aut
1190 1393 1428 1465 hospitii
1471 1393 1717 1466 publici,
1763 1397 1868 1449 aut
1888 1385 1943 1473 ⁴)
1982 1392 2246 1450 ambitio-

89 1476 143 1533 1is
193 1484 286 1536 aut
338 1479 850 1538 commendationis
912 1481 1128 1552 gratia:
1186 1480 1290 1538 sed
1349 1481 1534 1539 recito
1574 1481 1909 1538 memoriam
1952 1477 2247 1552 perfuncti

91 1565 293 1640 ›ericuli‚
323 1567 819 1640 praedicationem
852 1568 1190 1640 amplissimi
1220 1565 1514 1642 beneficii,
1556 1585 1757 1626 vocem
1780 1561 1830 1644 5)
1873 1566 2047 1625 officii
2077 1583 2248 1640 prae-

91 1653 244 1727 zentis,
298 1656 694 1714 testimonium
752 1656 1057 1728 praeteriti
1112 1656 1403 1728 temporis,
1497 1657 1686 1729 Atque
1728 1655 1844 1712 illis
1890 1655 2246 1727 temporibus
2269 1669 2346 1724 11

94 1739 246 1814 sdem,
289 1759 418 1801 cum
465 1745 583 1801 iam
629 1741 884 1816 Capuam
924 1749 1082 1801 metu
1123 1742 1344 1801 Sestius
1388 1743 1720 1816 liberasset,
1767 1741 1971 1800 urbem
2013 1747 2248 1800 senatus

91 1831 213 1900 itque
265 1847 465 1890 omnes
516 1832 652 1889 boni
705 1829 1085 1904 deprehensis
1131 1836 1307 1903 atque
1356 1832 1645 1904 oppressis
1692 1831 2021 1889 domesticis
2066 1830 2249 1887 hosti-

92 1931 155 1971 )us
209 1934 293 1975 me
360 1920 512 1978 duce
582 1936 653 1977 ex
718 1920 992 1991 periculis
1058 1920 1319 1977 maximis
1388 1921 1804 1991 extraxissent,
1873 1935 1982 1990 ego
2036 1919 2248 1976 litteris

93 2001 121 2057 Ρ.
157 2002 388 2065 Sestium
445 2006 646 2079 Capua
707 2008 986 2066 arcessivi
1031 2024 1160 2065 cum
1202 2007 1300 2065 illo
1348 2009 1632 2081 exercitu,
1678 2022 1846 2079 quem
1884 2010 2005 2063 tum
2050 2022 2249 2063 secum

93 2091 298 2152 abebat.
389 2094 617 2165 Quibus
671 2095 765 2152 hic
823 2096 1037 2154 litteris
1088 2096 1255 2153 lectis
1317 2095 1392 2153 ad
1449 2096 1649 2153 urbem
1706 2093 2006 2153 confestim
2059 2095 2249 2152 incre-

93 2175 201 2238 [ibili
245 2185 549 2243 celeritate
598 2183 903 2243 advolavit.
992 2185 1184 2256 Atque
1246 2188 1315 2241 ut
1357 2184 1513 2242 illius
1557 2184 1835 2256 temporis
1881 2183 2251 2241 atrocitatem

93 2269 326 2328 'ecordari
369 2272 610 2346 possitis
628 2316 643 2345 ,
695 2273 894 2330 audite
938 2272 1168 2329 litteras
1215 2277 1275 2329 et
1319 2277 1569 2330 vestram
1616 2273 1949 2331 memoriam
1979 2271 2054 2329 ad
2084 2270 2253 2328 timo-

93 2355 135 2410 ·is
183 2362 484 2429 praeteriti
533 2359 941 2433 cogitationem
1002 2361 1270 2418 excitate.
1374 2377 1672 2418 nnn-sm
1735 2376 2046 2419 memmius
2110 2375 2251 2417 con-

95 2458 222 2503 zms.

212 2533 331 2592 Hoc
379 2533 642 2593 adventu
685 2534 750 2592 P.
784 2534 959 2591 Sestii
1005 2534 1373 2593 tribunorum
1416 2535 1605 2607 plebis
1636 2551 1937 2607 novorum,
1986 2533 2085 2606 qui
2130 2539 2254 2591 tum
2272 2543 2314 2610 5

95 2623 309 2680 utremis
357 2623 567 2681 diebus
615 2624 950 2680 consulatus
997 2624 1110 2681 mei
1156 2638 1251 2680 res
1291 2638 1420 2696 eas,
1466 2638 1609 2695 quas
1655 2637 1950 2696 gesseram
1968 2665 1983 2694 ,
2041 2638 2253 2680 vexare

95 2709 349 2777 tupiebant
366 2755 381 2784 ,
455 2710 832 2783 reliquaeque
902 2711 1314 2768 coniurationis
1379 2711 1630 2783 impetus
1697 2716 1757 2767 et
1820 2715 2059 2768 conatus
2119 2714 2256 2767 sunt

95 2796 336 2857 ·etardati.
428 2799 518 2855 Ac
561 2804 938 2870 posteaquam
980 2805 1069 2857 est
1113 2799 1508 2871 intellectum,
1554 2798 1636 2855 M.
1661 2792 1716 2878 ⁶)
1758 2796 1975 2855 Catone
2022 2797 2255 2854 tribuno
2277 2818 2356 2874 12

97 2880 224 2940 ›lebis
243 2930 257 2957 ,
311 2885 627 2944 fortissimo
682 2892 856 2958 atque
914 2887 1125 2959 optimo
1186 2886 1322 2959 civi,
1379 2903 1504 2945 rem
1550 2885 1838 2958 publicam
1884 2883 2255 2958 defendente,

97 2985 157 3025 ver
195 2988 253 3028 se
297 2974 490 3047 ipsum
537 2980 801 3032 senatum
844 2976 1231 3047 populumque
1277 2973 1599 3032 Romanum
1646 2976 1770 3041 sine
1810 2974 2055 3031 militum
2085 2988 2256 3046 prae-

99 3055 190 3115 idio
233 3064 380 3120 tueri
445 3062 622 3120 facile
676 3062 984 3120 maiestate
1043 3079 1148 3120 sua
1205 3061 1547 3136 dignitatem
1568 3056 1622 3142 ⁷)
1680 3079 1905 3135 eorum,
1962 3061 2059 3134 qui
2101 3061 2257 3119 salu-

97 3158 167 3200 em
248 3165 605 3208 communem
671 3150 934 3222 periculo
1016 3165 1120 3207 suo
1186 3149 1613 3224 defendissent,
1682 3149 1903 3207 Sestius
1964 3164 2098 3205 cum
2153 3147 2255 3205 illo

97 3236 299 3294 2xeroitu
355 3252 581 3297 summa
626 3238 930 3297 celeritate
978 3236 1039 3297 C.
1086 3239 1401 3295 Antonium
1462 3243 1808 3296 consecutus
1871 3243 1960 3295 est
1980 3231 2050 3316 8).
2146 3236 2259 3294 Hic

191 3450 240 3516 1)
277 3451 542 3506 Glossem.
580 3452 796 3506 videtur
830 3452 1104 3517 ManutiO,
1138 3452 1320 3507 Bakio.
1547 3452 1599 3519 2)
1640 3453 1730 3506 Sic
1765 3453 2038 3505 Hotoman
2078 3467 2140 3506 ex
2175 3468 2259 3521 ep.

99 3515 131 3566 ‘d
156 3518 292 3575 Fam.
328 3522 497 3589 XIII,
537 3522 599 3587 8;
633 3522 785 3576 codd.
824 3522 889 3575 P.
931 3522 1085 3575 Sesti.
1302 3523 1357 3587 3)
1395 3522 1587 3575 vestris
1627 3523 1748 3576 Par.
1787 3524 1899 3576 cod.
1934 3523 2259 3592 scripturam

100 3586 241 3644 ‘etinet
269 3592 451 3646 Halm.
690 3594 746 3660 4)
789 3599 888 3647 aut
922 3594 1212 3662 Pluygers,
1253 3593 1401 3646 Bake
1437 3593 1589 3646 uncis
1627 3593 1751 3646 incl.
1989 3595 2044 3660 5)
2081 3608 2262 3647 vocem

99 3658 246 3714 micus
279 3664 480 3731 aliquis
518 3663 794 3725 Lambini5
846 3663 995 3716 codd.
1036 3664 1234 3728 vicem;
1285 3662 1496 3730 Kochly
1543 3661 1793 3716 indicem.
2005 3664 2061 3729 6)
2097 3664 2263 3716 Prae-

99 3740 242 3783 lomen
277 3733 398 3787 add.
442 3732 627 3799 Orelli,
661 3734 770 3787 alii.
997 3735 1050 3801 7)
1091 3732 1180 3786 Sic
1216 3733 1489 3795 Weidner,
1527 3734 1718 3795 Halm,
1765 3733 2060 3798 Eberhard3
2095 3733 2265 3785 maie-

102 3799 236 3851 tatem
283 3819 442 3856 suam
496 3802 675 3865 codd.;
729 3803 1069 3856 maiestate-m
1116 3818 1157 3855 s.
1209 3803 1633 3871 dignitatemque
1677 3804 1857 3871 vulgo,
2077 3803 2133 3872 8)
2174 3802 2264 3856 Sic

101 3865 239 3935 Ialm3
276 3889 301 3924 e
337 3874 644 3929 Antonium
681 3880 1000 3928 consecutus
1036 3872 1188 3926 codd.
