2669 4354
411 231 491 287 10
1405 246 1622 287 onAuuo

405 413 620 473 infesta
645 410 721 494 ¹),
783 432 960 488 saepe
1014 415 1171 473 ferro
1224 420 1396 486 atque
1451 415 1676 472 insidiis
1727 416 2001 487 appetita.
2091 415 2238 485 Quid
2284 415 2356 473 ab
2400 416 2492 471 his
2541 421 2612 472 tot

405 502 701 561 maleficiis
769 504 1006 562 sceleris
1078 504 1282 561 abesse
1343 503 1615 561 videtur?
1718 503 1939 559 Tamen
1997 502 2145 559 haec
2206 502 2335 560 aliis
2381 501 2610 561 nefariis

406 594 696 649 cumulant
742 597 916 663 atque
980 591 1298 662 adaugent:
1355 591 1574 648 crimen
1632 589 1975 649 incredibile
2021 589 2384 664 confingunt,
2439 596 2610 648 testes

403 678 465 734 in
526 680 681 736 hunc
745 683 806 737 et
863 684 1232 736 accusatores
1290 679 1531 735 huiusce
1575 679 1824 749 pecunia
1870 683 2231 752 comparant,
2291 678 2441 735 hanc
2486 695 2608 735 con-

404 766 692 824 dicionem
758 768 968 824 misero
1031 766 1254 838 ferunt,
1331 771 1395 823 ut
1461 770 1654 839 optet,
1730 772 1924 824 utrum
1998 766 2163 823 malit
2229 767 2485 823 cervices
2552 766 2604 822 T.

403 854 610 911 Roscio
636 849 688 934 2)
734 854 874 911 dare
893 899 908 927 ,
954 871 1030 911 an
1064 855 1286 910 insutus
1331 855 1392 910 in
1423 854 1672 911 culleum
1713 870 1819 926 per
1848 871 2130 911 summum
2162 854 2413 912 dedecus
2444 854 2606 911 vitam

400 943 687 1000 amittere.
792 941 1075 999 Patronos
1141 941 1273 997 huic
1353 940 1650 999 defuturos
1729 946 2109 1015 putaverunt3
2197 941 2435 999 desunt:
2523 942 2606 1013 qui

401 1027 588 1087 libere
635 1030 827 1102 dicat,
872 1030 970 1101 qui
1015 1045 1144 1085 cum
1186 1027 1300 1084 fide
1347 1028 1651 1103 defendat,
1710 1028 1771 1085 id
1818 1029 1967 1100 quod
2011 1029 2072 1084 in
2115 1028 2225 1086 hac
2272 1045 2450 1086 causa
2480 1029 2605 1085 satis

301 1119 378 1176 31
403 1121 496 1174 est
517 1112 604 1195 3)‚
665 1134 781 1175 non
826 1117 995 1175 deest
1038 1113 1337 1188 profect0‚
1399 1116 1636 1174 iudices,
1727 1116 1804 1173 Et
1846 1114 2092 1174 forsitan
2141 1117 2203 1172 in
2248 1116 2604 1188 suscipienda

404 1220 578 1261 causa
645 1209 866 1262 temere
922 1204 1197 1275 impulsus
1252 1203 1652 1262 adulescentia
1711 1201 1982 1262 fecerim:
2059 1204 2327 1274 quoniam
2384 1205 2604 1274 quidem

401 1292 582 1348 semel
627 1292 887 1365 suscepi,
949 1293 1089 1349 licet
1127 1291 1397 1348 hercules
1455 1291 1707 1363 undique
1754 1308 1952 1348 omnes
1997 1291 2319 1349 inmineant
2333 1284 2386 1369 4)
2433 1298 2602 1349 terro·

400 1394 498 1436 res
577 1380 952 1451 periculaque
1030 1379 1406 1451 impendeant
1467 1380 1689 1452 omnia,
1771 1395 2101 1435 succurram
2162 1384 2335 1450 atque
2399 1378 2602 1436 subiba

403 1465 637 1524 Certum
683 1472 773 1525 est
813 1467 1343 1539 deliberatumque,
1404 1482 1553 1537 quae
1611 1466 1686 1523 ad
1727 1483 1957 1523 causam
2000 1467 2296 1538 pertinere
2346 1467 2603 1537 arbitror,

401 1555 593 1612 onmia
629 1571 743 1612 non
773 1554 941 1612 modo
973 1554 1200 1627 dicere,
1245 1569 1448 1612 verum
1478 1555 1655 1611 etiam
1684 1554 1962 1624 libenter,
2009 1554 2286 1611 audacter
2315 1555 2600 1626 libereque

402 1642 619 1699 dicere.
708 1642 884 1699 Nulla
948 1658 1044 1699 res
1103 1646 1267 1699 tanta
1323 1643 1597 1713 exsistet,
1658 1642 1909 1714 iudiceS,
1971 1646 2034 1698 ut
2091 1641 2273 1713 possit
2316 1643 2432 1699 vim
2480 1641 2602 1698 mihi

298 1732 381 1788 32
401 1731 680 1787 maiorem
725 1729 1003 1788 adhibere
1048 1735 1236 1786 metus
1273 1745 1446 1800 quam
1490 1726 1648 1786 fides
1739 1729 1975 1786 Etenim
2020 1729 2146 1800 quis
2189 1734 2309 1786 tam
2339 1729 2600 1786 dissoluto

401 1818 592 1875 animo
641 1823 757 1890 est,
830 1818 961 1890 qui,
1028 1818 1178 1875 haec
1223 1833 1350 1873 cum
1397 1816 1618 1889 videat,
1681 1822 1878 1874 tacere
1925 1833 1994 1873 ac
2038 1818 2350 1889 neglegere
2397 1818 2602 1889 possit?

400 1905 633 1963 Patrem
685 1922 907 1978 meum,
967 1923 1097 1962 cum
1158 1905 1524 1977 proscriptus·
1570 1919 1685 1973 non
1732 1910 1920 1975 esset,
1977 1905 2306 1977 iugulastis3
2366 1907 2602 1963 occisum

400 1994 461 2050 in
527 1994 978 2066 proscriptorum
1030 2009 1332 2050 numerum
1392 1992 1728 2064 rettulistis3
1798 2008 1890 2049 me
1952 1992 2119 2049 domo
2177 2008 2309 2049 mea
2351 2008 2463 2064 per
2504 1994 2602 2050 vim

405 2081 739 2152 expulistis3
800 2081 1233 2152 patrimonium
1268 2096 1459 2136 meum
1505 2079 1829 2152 possidetis,
1921 2079 2071 2150 Quid
2110 2079 2281 2136 voltis
2328 2081 2602 2152 amplius?

404 2169 658 2226 etiamne
721 2167 795 2225 ad
857 2168 1130 2226 subsellia
1186 2186 1312 2226 cum
1354 2165 1511 2225 ferro
1548 2171 1721 2239 atque
1768 2167 1901 2224 telis
1946 2167 2218 2240 venistiS,
2275 2171 2340 2225 ut
2379 2168 2478 2225 hic
2524 2170 2602 2226 aut

403 2257 680 2329 iuguletis
722 2262 824 2314 aut
869 2256 1263 2314 condemnetis
1307 2257 1437 2314 Sex.
1484 2254 1757 2312 Roscium
1781 2250 1876 2333 ⁵)‘?

298 2338 382 2404 12
579 2344 882 2400 Hominem
941 2345 1111 2415 longe
1170 2343 1613 2401 audacissimum
1673 2360 1861 2415 nuper
1913 2343 2214 2399 habuimus
2270 2344 2333 2399 in
2381 2344 2599 2400 civitate

301 2432 382 2488 33
406 2431 467 2489 C.
513 2432 832 2489 Fimbriam
877 2436 962 2505 et,
1024 2431 1174 2504 quod
1220 2431 1378 2488 inter
1422 2447 1619 2488 omnes
1667 2436 1926 2502 constat,
1975 2430 2087 2486 nisi
2125 2431 2279 2487 inter
2323 2446 2460 2503 eOS,
2522 2428 2601 2501 qui

403 2520 515 2593 ipsi
560 2535 787 2590 quoque
830 2520 1151 2591 insaniunt,
1207 2518 1648 2576 insanissimum.
1739 2518 1796 2574 Is
1833 2534 1965 2575 cum
2009 2522 2272 2575 curasset
2307 2518 2368 2574 in
2413 2518 2600 2576 funere

405 2608 468 2666 C.
506 2606 716 2679 Marii,
784 2611 848 2663 ut
904 2607 969 2677 Q.
1016 2606 1293 2663 Scaevola
1348 2607 1784 2677 volnerarctur,
1852 2605 1939 2662 vir
1996 2606 2388 2663 sanctissimus
2443 2612 2601 2677 atque

403 2695 799 2753 ornatissimus
854 2700 1088 2752 nostrae
1143 2694 1425 2766 civitatiS,
1482 2694 1554 2751 de
1617 2693 1776 2749 cuius
1835 2693 2009 2750 laude
2068 2709 2260 2764 neque
2320 2693 2415 2750 hic
2459 2695 2600 2751 locus

404 2789 493 2840 est
544 2786 611 2839 ut
661 2782 844 2838 multa
904 2781 1199 2853 dicantur,
1260 2796 1450 2852 neque
1496 2781 1663 2853 plura
1708 2785 1901 2838 tamen
1946 2780 2062 2838 dici
2106 2786 2377 2854 possunt,
2446 2795 2599 2853 quam

400 2871 644 2943 populus
690 2869 982 2927 Romanus
1024 2868 1303 2925 memoria
1348 2869 1584 2940 retinet,
1627 2868 1780 2926 diem
1826 2867 2139 2926 Scaevolae
2186 2867 2347 2941 dixit,
2391 2875 2601 2939 postea-

403 2975 573 3030 quam
617 2957 895 3028 comperit
938 2974 1070 3014 eum
1114 2973 1280 3028 posse
1327 2955 1538 3015 vivere.
1618 2954 1759 3012 Cum
1805 2955 1877 3013 ab
1928 2971 1998 3012 eo
2040 2961 2440 3029 quaereretur,
2486 2952 2600 3027 quid

402 3046 635 3104 tandem
697 3048 1072 3101 accusaturus
1135 3048 1290 3102 esset
1337 3060 1500 3117 eum,
1564 3059 1731 3114 quem
1778 3059 1882 3113 pro
1928 3043 2216 3115 dignitate
2263 3060 2338 3100 ne
2379 3044 2599 3101 laudare

403 3133 635 3205 quidem
679 3133 977 3203 quisquam
1012 3132 1154 3189 satis
1200 3130 1498 3189 commode
1541 3135 1770 3203 posset,
1818 3132 1980 3187 aiunt
2014 3130 2331 3202 hominem,
2389 3137 2455 3188 ut
2492 3131 2599 3188 erat

400 3220 683 3291 furiosuS,
737 3219 1137 3291 respondisse,
1200 3219 1353 3290 quod
1397 3236 1510 3275 non
1556 3223 1741 3275 totum
1785 3219 1961 3275 telum
2006 3234 2246 3290 corpore
2287 3220 2599 3289 recepisset.

402 3307 528 3378 Quo
588 3308 833 3380 populus
882 3306 1174 3364 Romanus
1239 3307 1385 3363 nihil
1442 3306 1586 3364 vidit
1643 3305 1963 3380 indignius,
2028 3306 2142 3363 nisi
2199 3306 2460 3363 eiusdem
2511 3301 2598 3361 viri

402 3400 674 3468 mortem,
743 3410 893 3467 quae
959 3399 1185 3453 tantum
1251 3394 1471 3467 potuit,
1556 3399 1621 3450 ut
1687 3409 1887 3452 omnes
1952 3393 2107 3450 cives
2173 3392 2495 3465 perdiderit
2554 3394 2599 3447 et

579 3629 632 3694 1)
668 3627 931 3693 infestata
967 3625 1146 3678 Halm.
1384 3625 1438 3692 2)
1476 3625 1536 3684 T.
1575 3623 1698 3678 add.
1737 3624 1971 3678 Ernesti.
2218 3623 2272 3689 3)
2314 3621 2599 3698 Sequuntpr

402 3701 460 3752 in
512 3698 756 3752 omnibus
811 3696 960 3750 codd.
1009 3694 1268 3761 quoniam
1311 3695 1523 3761 quidem
1571 3694 1809 3760 suscepi,
1865 3710 2001 3761 quae
2050 3692 2356 3758 Heusinger
2404 3689 2597 3745 delevit.

401 3771 458 3834 4)
495 3767 798 3820 immineant
833 3768 966 3820 coni.
1009 3766 1198 3818 Halm:
1247 3765 1427 3817 minae
1462 3765 1631 3828 codd„
1670 3764 1804 3817 mihi
1838 3764 2020 3816 minae
2055 3763 2256 3815 Baiter.
2400 3763 2456 3831 5)
2493 3759 2598 3814 Sea?-

405 3838 668 3894 Rosct’um
704 3837 926 3890 inclusit
960 3837 1254 3889 Lambinus
1291 3839 1347 3888 et
1380 3835 1618 3903 Madvig.
