2669 4354
826 297 894 335 m
938 296 1121 336 MARo.
1167 295 1500 336 Amomvm.
1968 276 1971 277 ⁷
2144 282 2264 339 361

0 463 2 500 ἵ
59 472 163 524 tum
228 468 383 540 quod
445 472 505 524 te
573 469 868 525 consulem
927 484 1044 526 non
1099 467 1260 527 vidit.
1389 469 1644 527 Maxime
1711 485 1850 526 vero
1915 471 2268 528 consulatum

58 573 239 612 meum
287 554 389 613 Cn.
438 556 746 628 Pompeius
791 556 1084 629 probavit,
1147 558 1245 629 qui
1290 561 1356 613 ut
1398 573 1491 614 me
1541 558 1788 631 primum
1846 556 2135 616 decedens
2196 576 2267 617 ex

59 642 214 716 Syria
268 643 442 717 vidit,
510 645 839 716 complexus
904 648 964 701 et
1020 645 1318 717 gratulans
1374 661 1504 702 meo
1565 642 1845 703 beneficio
1902 646 2148 718 patriam
2203 663 2265 705 se

59 733 310 790 visurum
356 748 484 790 esse
530 731 690 789 dixit.
789 731 906 792 Sed
958 731 1096 804 quid
1151 733 1408 805 singulos
1454 736 1874 792 commemoro?
1970 733 2268 806 Frequen-

60 821 271 878 tissimo
330 821 557 879 senatui
615 821 697 878 sic
754 820 1002 894 placuit,
1067 825 1132 877 ut
1189 826 1346 879 esset
1401 838 1609 895 nemo,
1674 821 1771 894 qui
1827 821 1967 879 mihi
2028 838 2144 880 non
2205 826 2270 879 ut

59 907 280 980 parenti
350 909 569 979 gratias
638 913 868 982 ageret,
950 909 1046 981 qui
1100 908 1241 965 mihi
1296 925 1413 966 non
1472 909 1649 967 vitam
1716 927 1904 984 suam,
1988 909 2268 983 fortunas,

59 996 293 1071 liberOS,
357 1012 480 1053 rem
540 996 828 1068 publicam
886 995 1141 1054 referret
1203 1001 1520 1068 acceptam.
1640 998 1756 1055 Sed
1808 997 2076 1069 quoniam
2136 993 2331 1072 illis,6

60 1099 182 1156 quos
233 1084 557 1158 nominavi,
596 1089 683 1142 tot
729 1089 788 1142 et
830 1084 1041 1142 talibus
1071 1085 1208 1141 viris
1252 1101 1350 1142 res
1392 1085 1622 1156 publica
1664 1085 1868 1143 orbata
1907 1091 2027 1159 est,
2072 1086 2272 1145 venia·
2294 1088 2371 1144 13

59 1190 168 1230 mus
233 1172 312 1229 ad
368 1172 557 1247 viVOS,
630 1174 728 1245 qui
784 1171 899 1229 duo
957 1172 1028 1232 de
1091 1173 1478 1230 consularium
1545 1189 1787 1231 numero
1840 1173 2050 1246 reliqui
2120 1178 2269 1232 sunt.

59 1259 112 1317 L.
155 1259 364 1333 Cotta,
439 1260 530 1317 vir
576 1276 794 1318 summo
849 1261 1080 1331 ingenio
1145 1277 1478 1333 summaque
1547 1260 1879 1340 prudentia,
1956 1262 2131 1320 rebus
2197 1262 2270 1320 iis

59 1349 255 1422 gestiS,
352 1364 496 1420 quas
567 1353 630 1405 tu
700 1347 1108 1421 reprehendis,
1199 1349 1682 1422 supplicationem
1751 1349 2009 1408 decrevit
2079 1350 2271 1408 verbis

59 1437 447 1511 amplissimis,
518 1436 687 1508 eique
749 1437 835 1493 illi
892 1437 1031 1510 ipsi,
1109 1452 1250 1508 quos
1303 1437 1471 1495 modo
1540 1438 1861 1511 nominavi,
1937 1439 2271 1496 consulares

58 1531 402 1596 senatusque
452 1529 690 1582 cunctus
737 1524 1014 1583 adsensus
1062 1529 1183 1598 est,
1244 1525 1341 1596 qui
1387 1525 1568 1583 honos
1614 1530 1743 1596 post
1789 1525 2078 1583 conditam
2123 1526 2272 1583 hanc

58 1612 252 1670 urbem
311 1611 543 1670 habitus
594 1616 683 1670 est
734 1618 933 1685 togato
990 1618 1127 1670 ante
1188 1628 1280 1669 me
1325 1613 1561 1670 nemini.
1660 1612 1726 1670 L.
1789 1611 2034 1687 Caesar,
2093 1629 2272 1671 avun-
2294 1618 2373 1674 14

60 1702 208 1758 culus
264 1706 429 1774 tuuS,
472 1716 587 1773 qua
630 1702 919 1773 oratione,
981 1717 1092 1772 qua
1138 1700 1490 1774 constantia,
1548 1716 1663 1773 qua
1708 1701 1992 1773 gravitate
2040 1707 2272 1760 senten-

61 1789 186 1846 tiam
236 1789 386 1846 dixit
431 1783 750 1846 in'sororis
796 1804 935 1846 suae
980 1776 1208 1859 virum‚'
1234 1788 1502 1846 vitricum
1547 1789 1732 1845 tuum!
1825 1790 1992 1847 Hunc
2029 1793 2093 1847 tu
2141 1806 2272 1847 cum

61 1884 348 1934 auctorem
407 1881 467 1934 et
523 1882 967 1949 praeceptorem
1027 1877 1280 1934 omnium
1340 1876 1712 1934 consiliorum
1759 1877 2051 1950 totiusque
2114 1878 2269 1951 vitae

60 1964 355 2023 debuisses
406 1964 657 2038 habere,
718 1965 908 2023 vitrici
961 1970 1021 2022 te
1069 1965 1312 2022 similem
1371 1981 1542 2037 quam
1604 1966 1870 2022 avunculi
1894 1959 1945 2046 ¹)
1998 1967 2269 2024 maluisti.

59 2051 234 2110 Huius
291 2069 401 2125 ego
458 2053 681 2111 alienus
736 2053 991 2111 consiliis
1054 2053 1251 2110 consul
1296 2069 1432 2110 usus
1487 2069 1640 2110 sum:
1724 2057 1788 2110 tu
1846 2055 2057 2112 sororis
2118 2052 2270 2111 filius

63 2141 259 2215 ecquid
306 2140 384 2200 ad
430 2157 557 2199 eum
602 2157 868 2215 umquam
914 2141 987 2200 de
1043 2157 1109 2199 re
1153 2141 1387 2214 publica
1437 2141 1760 2200 rettulisti?
1863 2141 1944 2200 At
2003 2141 2077 2201 ad
2132 2158 2271 2216 quos

62 2229 279 2288 refert?
325 2229 385 2287 di
430 2231 811 2288 immortales!
874 2231 947 2288 ad
996 2246 1097 2288 eos
1142 2231 1391 2304 scilicet,
1438 2247 1675 2309 quorum
1711 2230 1877 2288 nobis
1925 2231 2097 2289 etiam
2143 2231 2270 2290 dies

61 2320 278 2377 natales
353 2317 627 2376 audiendi
696 2323 844 2376 sunt.
941 2318 1133 2376 Hodie
1188 2334 1305 2376 non
1368 2317 1667 2377 descendit
1711 2318 2014 2377 Antonius.
2114 2318 2271 2377 Gur?
2296 2320 2373 2377 15

64 2403 149 2464 dat
209 2406 552 2465 nataliciam
575 2400 626 2486 2)
685 2407 748 2463 in
801 2406 1001 2464 hortis.
1115 2404 1268 2463 Cui?
1330 2407 1619 2464 neminem
1667 2407 2002 2465 nominabo:
2066 2413 2270 2481 putate

62 2498 165 2552 tum
225 2494 563 2553 Phormioni
625 2495 834 2568 alicui,
895 2499 1015 2552 tum
1062 2492 1385 2567 Gnathoni,
1447 2499 1572 2552 tum
1632 2495 1809 2552 etiam
1852 2495 2117 2555 Ballioni.
2223 2495 2271 2553 O

61 2580 393 2641 foeditatem
435 2583 681 2640 bominis
728 2581 1102 2655 flagitiosam!
1167 2598 1201 2639 o
1247 2582 1695 2656 impudentiam,
1742 2584 2092 2656 nequitiam,
2140 2583 2270 2641 libi-

61 2669 244 2729 dinem
306 2687 425 2728 non
479 2669 809 2728 ferendam!
930 2671 1017 2728 Tu
1078 2685 1209 2728 cum
1269 2670 1591 2742 principem
1655 2677 2012 2745 senatorem,
2087 2672 2271 2729 civem

60 2760 404 2833 singularem
450 2763 567 2817 tam
613 2757 993 2832 propinquum
1035 2759 1277 2832 habeaS,
1325 2757 1399 2815 ad
1446 2775 1578 2816 eum
1624 2757 1694 2817 de
1740 2776 1804 2818 re
1851 2759 2085 2831 publica
2130 2759 2271 2816 nihil

23 2846 306 2921 :referas,
389 2845 613 2905 referas
660 2848 735 2905 ad
782 2863 916 2921 eoS,
995 2848 1093 2919 qui
1139 2862 1299 2904 suam
1358 2862 1485 2904 rem
1528 2847 1749 2904 nullam
1792 2847 2037 2920 habent,
2111 2852 2270 2905 tuam

59 2936 442 2994 exhauriunt?
562 2935 718 2993 Tuus
776 2936 1050 2994 videlicet
1124 2934 1394 2992 salutaris
1474 2936 1839 3008 consulatus,
1914 2932 2327 3007 perniciosus?

58 3040 224 3083 meus,
337 3022 578 3080 Adeone
625 3024 902 3095 pudorem
947 3041 1075 3081 cum
1118 3023 1401 3096 pudicitia
1445 3022 1774 3096 perdidisti,
1831 3028 1896 3080 ut
1937 3025 2046 3080 hoc
2090 3024 2150 3080 in
2197 3038 2269 3080 eo

57 3114 264 3186 templo
313 3111 510 3169 dicere
557 3127 731 3169 ausus
777 3113 888 3185 siS,
948 3112 1009 3169 in
1054 3128 1168 3184 quo
1217 3127 1325 3183 ego
1374 3115 1637 3168 senatum
1698 3112 1888 3183 illum,
1952 3111 2049 3183 qui
2093 3128 2272 3183 quon·

59 3199 179 3258 dam
236 3198 454 3259 florens
510 3199 633 3257 orbi
694 3205 980 3258 terrarum
1040 3199 1441 3272 praesidebat,
1503 3199 1872 3257 consulebam
1892 3244 1907 3272 ,
1967 3204 2030 3256 tu
2089 3199 2271 3258 homi·

56 3304 148 3346 nes
197 3288 622 3362 perditissimos
669 3304 797 3346 cum
853 3287 1060 3362 gladiis
1117 3287 1525 3345 conlocavisti‘?
1627 3287 1707 3345 At
1763 3288 1941 3345 etiam
1987 3303 2159 3345 ausus
2208 3305 2270 3346 es
2293 3295 2371 3351 16

58 3405 130 3415 ἡ
177 3375 320 3449 quid
367 3381 561 3433 autem
610 3382 729 3449 est,
786 3375 939 3449 quod
998 3381 1062 3433 tu
1120 3392 1235 3433 non
1289 3374 1548 3433 audeas?
1609 3407 1690 3415 --
1745 3376 1949 3435 clivum
1996 3375 2272 3448 Capitoli-

58 3479 182 3521 num
229 3464 430 3522 dicere
476 3481 568 3522 me
610 3466 843 3522 consule
889 3465 1125 3537 plenum
1170 3479 1467 3521 servorum
1514 3468 1866 3522 armatorum
1910 3464 2104 3522 fuisse.
2194 3464 2274 3523 Ut

59 3550 174 3627 illa,
254 3551 460 3625 cred0,
534 3550 763 3611 nefaria
823 3558 1059 3610 senatus
1126 3551 1391 3609 consulta
1448 3547 1684 3625 fierent,
1757 3553 1871 3610 vim
1934 3553 2271 3610 adferebam

57 3642 296 3698 senatui.
401 3639 448 3698 Ο
493 3640 697 3715 miser,
763 3641 884 3699 sive
927 3640 1029 3698 illa
1075 3639 1181 3697 tibi
1240 3643 1382 3697 nota
1425 3654 1543 3696 non
1600 3644 1733 3697 sunt
1785 3672 1872 3681 -—
1926 3641 2071 3698 nihil
2121 3642 2273 3699 enim

188 3841 244 3906 1)
288 3837 373 3890 Sic
410 3837 526 3891 cod.
554 3837 753 3904 Vatic.;
793 3838 957 3904 vulgo
991 3853 1105 3891 esse
1140 3837 1399 3891 maluisti.
1498 3837 1551 3905 2)
1593 3836 1682 3890 Sic
1705 3838 1858 3905 Vat.,
1898 3839 2011 3892 scil.
2052 3854 2243 3891 cenam
2255 3858 2272 3901 ,-

55 3909 209 3975 vulgo
248 3909 544 3962 natalicia.
1793 3977 1922 4042 23*
