2669 4354
392 229 518 287 2⁵4
626 319 631 320 f
1382 244 1626 320 ew}

392 426 724 492 corruptae:
790 418 1110 477 theatrales
1178 418 1624 492 gladiatoriique
1690 434 1989 476 consessus
2048 418 2320 475 dicuntur
2378 417 2577 475 omnino
2633 481 2634 492 χ

391 508 582 567 solere
611 508 850 565 levitate
881 507 1283 565 nonnullorum
1312 514 1535 578 emptos
1568 507 1806 580 plausus
1836 506 2017 564 exiles
2049 512 2111 563 et
2138 521 2303 563 raros
2335 506 2576 563 excitare.

392 597 479 655 Ac
520 602 716 654 tamen
760 594 935 653 facile
980 600 1101 668 est,
1167 611 1295 651 cum
1339 594 1399 651 id
1439 591 1536 666 fit,
1596 610 1768 667 quem
1807 593 1883 652 ad
1940 594 2170 652 modum
2217 600 2280 652 et
2323 610 2359 650 a
2402 593 2578 666 quibus

391 683 496 742 fiat
548 690 610 742 et
669 683 808 757 quid
868 684 1101 753 integra
1157 681 1462 739 multitudo
1513 680 1717 755 faciat,
1786 682 1999 741 videre.
2092 681 2241 753 Quid
2302 698 2411 754 ego
2454 697 2580 739 nunc
2635 699 2636 740 ι

393 772 580 831 dicam
596 816 612 845 ,
673 771 876 844 quibus
920 770 1061 828 viris
1101 774 1203 827 aut
1248 770 1342 827 cui
1400 771 1602 842 generi
1649 770 1854 827 civium
1901 770 2145 828 maxime
2184 769 2489 842 plaudatur
2508 762 2584 846 ¹)‘?
2635 755 2636 828 ἰ

393 860 702 919 Neminem
746 863 1000 916 vestrum
1045 856 1209 916 fallit.
1302 858 1391 917 Sit
1443 858 1552 914 hoc
1598 874 1737 915 saue
1783 859 1911 915 leve
1930 902 1946 931 ,
2007 858 2160 929 quod
2203 874 2319 915 non
2374 858 2459 914 ita
2496 861 2581 925 est,

392 949 661 1021 quoniam
705 948 919 1019 optimo
962 947 1169 1019 cuique
1214 947 1572 1019 impertitur:
1615 945 1749 1018 sed,
1796 947 1845 1003 si
1878 950 1967 1003 est
1994 945 2152 1019 leve,
2196 945 2419 1002 homiui
2449 944 2579 1016 gravi

393 1036 524 1093 leve
561 1041 685 1107 est3
743 1036 798 1091 ei
845 1050 1014 1108 vern,
1071 1034 1168 1107 qui
1213 1033 1433 1106 pendet
1473 1032 1647 1091 rebus
1693 1034 1994 1091 levissimis
2012 1078 2027 1106 ,
2087 1034 2184 1105 qui
2242 1049 2474 1091 rumore
2525 1036 2586 1102 et,

393 1130 459 1181 ut
519 1124 630 1195 ipsi
682 1124 1025 1195 loquuntur,
1091 1120 1286 1179 favore
1354 1121 1549 1193 populi
1610 1126 1847 1180 tenetur
1904 1127 1963 1179 et
2025 1120 2281 1194 ducitur,
2350 1122 2587 1193 plausum

250 1214 374 1272 116
395 1210 914 1283 immortalitatem,
961 1208 1190 1267 sibilum
1236 1215 1479 1266 mortem
1520 1208 1704 1266 videri
1746 1224 1986 1268 necesse
2028 1215 2135 1267 est.
2210 1209 2299 1265 Ex
2328 1215 2387 1266 te
2417 1209 2589 1281 igitur,
2637 1255 2638 1294 ἶ

395 1300 614 1359 Scaure
627 1343 642 1371 ,
683 1298 1040 1370 potissimum
1086 1313 1303 1369 quaero
1318 1342 1333 1370 ,
1380 1298 1478 1368 qui
1517 1297 1683 1355 ludos
1728 1298 2199 1369 apparatissimos
2244 1295 2590 1367 magnificen·
2637 1311 2638 1352 1

395 1388 752 1459 tissimosque
786 1385 1002 1458 fecisti,
1051 1386 1249 1457 ecquis
1278 1386 1518 1443 istorum
1549 1386 1909 1457 popularium
1940 1390 2071 1443 tuos
2108 1384 2274 1442 ludos
2303 1384 2590 1456 aspexerit,
2638 1433 2640 1462 1

395 1474 594 1547 ecquis
627 1491 688 1532 se
721 1474 949 1532 theatro
980 1473 1307 1546 populoque
1336 1472 1593 1530 Romano
1626 1473 1993 1531 commiserit.
2071 1473 2203 1545 Ipse
2236 1473 2338 1530 ille
2370 1472 2591 1529 maxime
2639 1467 2640 1508 ¹

391 1562 583 1621 ludius
598 1607 613 1634 ,
670 1578 784 1620 non
832 1562 1012 1619 solum
1059 1567 1350 1633 spectator
1367 1606 1381 1632 ,
1451 1560 1553 1619 sed
1603 1565 1764 1619 actor
1810 1567 1871 1618 et
1919 1577 2213 1634 acroama,
2282 1561 2379 1632 qui
2427 1559 2592 1617 omnia

395 1650 608 1712 sororis
670 1649 924 1732 embolia
988 1650 1170 1721 novit,
1239 1649 1342 1720 qui
1406 1648 1470 1705 in
1538 1654 1765 1707 coetum
1827 1649 2134 1706 mulierum
2196 1664 2304 1722 pro
2374 1646 2592 1720 psaltria

395 1737 728 1811 adducitur,
794 1754 904 1796 nec
967 1744 1095 1795 tuos
1155 1736 1318 1795 ludos
1365 1737 1589 1809 aspexit
1637 1738 1697 1794 in
1745 1737 1844 1795 illo
1889 1736 2119 1794 ardenti
2172 1735 2469 1794 tribunatu
2510 1749 2593 1791 suo

394 1843 504 1885 nec
568 1827 715 1884 ullos
778 1826 921 1883 alios
984 1826 1097 1883 nisi
1151 1842 1277 1898 eOS,
1349 1842 1384 1883 a
1444 1825 1650 1897 quibus
1711 1826 1803 1882 vix
1861 1825 2022 1882 vivus
2081 1823 2296 1897 effugit.
2403 1822 2589 1892 Semel,
2640 1799 2642 1896 ἱ

394 1914 660 1987 inquam,
707 1930 771 1972 se
802 1913 951 1971 ludis
981 1914 1149 1970 homo
1176 1913 1468 1985 popularis
1500 1914 1785 1971 commisit
1813 1914 2073 1985 omnino,
2122 1930 2247 1970 cum
2291 1914 2354 1970 in
2396 1911 2590 1984 templo
2641 1907 2642 1914 ’

394 2002 642 2060 Virtufis
663 1996 714 2080 ²)
755 2002 934 2058 honos
965 2001 1192 2059 habitus
1229 2007 1385 2058 esset
1414 2001 1614 2058 virtuti
1631 2047 1645 2074 ,
1692 1999 1916 2072 Gaique
1947 2000 2151 2072 Marii,
2196 1998 2590 2058 conservatoris

395 2091 564 2148 huius
607 2089 862 2162 imperii,
909 2094 1339 2147 monumentum
1385 2089 1657 2162 municipi
1704 2090 1828 2146 eius
1866 2094 1927 2146 et
1970 2090 2058 2147 rei
2101 2089 2370 2161 publicae
2416 2085 2588 2145 defen·

396 2179 513 2237 sori
557 2176 757 2236 sedem
803 2176 877 2235 ad
922 2179 1167 2235 salutem
1205 2176 1588 2251 praebuisset.
2643 2165 2644 2170 ¹

290 2259 378 2326 55
573 2266 696 2336 Quo
762 2263 989 2338 quidem
1057 2271 1346 2339 tempore,
1425 2265 1561 2338 quid
1625 2265 1870 2338 populus
1915 2264 2206 2323 Romanus
2264 2265 2478 2321 sentire
2535 2277 2586 2318 se

253 2354 376 2411 117
396 2353 761 2427 ostenderet,
823 2359 1067 2424 utroque
1127 2354 1189 2409 iu
1264 2369 1480 2427 genere
1543 2354 1899 2411 declaratum
1956 2358 2079 2411 est:
2146 2352 2392 2426 primum
2410 2397 2425 2425 ,
2481 2365 2585 2407 cum

396 2441 595 2501 audito
641 2446 875 2499 senatus
921 2441 1180 2499 consulto
1223 2441 1311 2499 rei
1359 2440 1471 2514 ipsi
1493 2434 1546 2517 ³)
1606 2447 1780 2514 atque
1828 2441 2057 2498 absenti
2112 2440 2340 2498 senatui
2383 2440 2586 2511 plausus

399 2535 488 2588 est
531 2530 606 2586 ab
649 2529 937 2587 universis
982 2527 1175 2585 datus:
1242 2529 1453 2588 deinde
1471 2574 1486 2601 ,
1555 2546 1681 2586 cum
1745 2529 2107 2587 senatoribus
2167 2527 2405 2600 singulis
2447 2540 2587 2598 spec-

395 2623 579 2676 tatum
623 2633 657 2674 e
703 2622 907 2676 senatu
947 2616 1338 2675 redeuntibus,
1430 2616 1567 2674 Cum
1615 2633 1753 2674 vero
1792 2617 1946 2689 ipse,
1990 2617 2089 2689 qui
2132 2615 2299 2673 ludos
2342 2613 2584 2679 faciebat,

396 2706 595 2764 consul
640 2704 893 2777 adsedit,
962 2709 1183 2762 stantes
1239 2706 1295 2761 ei
1316 2699 1371 2783 4)
1427 2704 1689 2762 manibus
1742 2705 1926 2777 passis
1987 2704 2204 2777 gratias
2251 2708 2483 2776 agentes
2537 2704 2588 2754 et

395 2793 768 2852 lacrimantes
813 2792 1023 2865 gaudio
1061 2808 1221 2849 suam
1255 2808 1396 2864 erga
1439 2808 1531 2849 me
1562 2792 2028 2850 benevolentiam
2062 2808 2130 2849 ac
2161 2788 2587 2849 misericordiam

394 2881 782 2939 declararunt.
869 2880 950 2937 At
1009 2896 1136 2937 cum
1190 2880 1292 2937 ille
1352 2879 1692 2937 furibundus
1735 2881 1977 2938 incitata
2023 2880 2127 2936 illa
2187 2895 2292 2936 sua
2347 2873 2586 2935 vaecordi

395 2975 590 3027 mente
651 2968 934 3041 venisset,
1000 2967 1094 3024 vix
1149 2983 1212 3025 se
1270 2968 1515 3040 populus
1570 2967 1859 3026 Romanus
1916 2968 2132 3040 tenuit,
2197 2968 2293 3024 vix
2354 2965 2585 3023 homines

395 3057 589 3115 odium
646 3072 811 3113 suum
867 3071 904 3113 a
948 3071 1189 3128 corpore
1237 3056 1361 3112 eius
1404 3055 1628 3128 impuro
1684 3062 1857 3128 atque
1905 3054 2141 3113 infando
2194 3055 2582 3127 repressertmt

396 3145 583 3204 Voces
638 3144 872 3217 quidem
931 3148 996 3201 et
1028 3144 1350 3216 palmarum
1395 3143 1652 3201 intentus
1719 3150 1780 3201 et
1822 3143 2254 3201 maledictorum
2304 3143 2582 3200 clamorem

252 3237 281 3292 1
296 3237 373 3294 18
394 3249 593 3292 omnes
634 3230 1028 3304 profuderunt.
1119 3229 1234 3287 Sed
1276 3230 1414 3303 quid
1460 3247 1568 3302 ego
1612 3231 1806 3304 populi
1851 3231 2097 3290 Romani
2138 3232 2387 3289 animum
2432 3229 2580 3284 virtu-

394 3327 624 3393 temque
665 3336 1078 3391 commemoro,
1126 3318 1458 3377 libertatem
1503 3319 1618 3376 iam
1665 3336 1735 3377 ex
1789 3319 2062 3377 diuturna
2117 3320 2390 3377 servitute
2433 3312 2580 3385 dispi-

550 3583 602 3650 1)
656 3581 810 3646 Quod
865 3580 923 3633 in
972 3580 1145 3634 Paris.
1203 3585 1287 3633 est
1341 3580 1588 3633 maxima
1636 3580 1962 3649 plaudatur,
2018 3583 2167 3650 vulg.
2227 3599 2326 3635 scr.
2378 3577 2576 3631 maxime

395 3652 658 3721 applaud.
812 3651 866 3717 2)
907 3651 992 3704 Sic
1031 3650 1144 3703 cod.
1183 3651 1388 3714 Palat.;
1429 3652 1484 3703 in
1522 3652 1691 3707 Paris.
1734 3655 1817 3705 est
1853 3652 2002 3704 virtu
2032 3695 2044 3706 .
2074 3694 2085 3705 .
2113 3668 2141 3704 s
2176 3651 2420 3716 Ῑιοηονίε,
2461 3644 2570 3698 unde

396 3724 544 3791 vulg.
592 3722 758 3775 edunt
804 3720 1087 3773 Honoris-
1113 3720 1379 3784 Virtutis,
1430 3721 1524 3774 sed
1562 3721 1658 3776 cfr.
1696 3722 1870 3791 §120⁸
2086 3724 2140 3791 3)
2196 3722 2285 3775 Sic
2320 3714 2570 3774 Garatoni:

396 3793 545 3846 codd.
584 3807 728 3844 con-3.
764 3806 856 3843 ore
890 3790 1026 3855 ipsi,-
1080 3790 1175 3843 alii
1220 3791 1435 3844 rumori
1480 3791 1590 3858 ipsi
1635 3793 1720 3845 vel
1761 3792 2024 3860 praeconi
2070 3793 2199 3860 ipsi.
2405 3790 2456 3855 4)
2503 3783 2571 3837 Sic

396 3863 594 3926 PariS.;
634 3862 732 3914 alii
769 3876 829 3914 ex
868 3863 968 3913 cet.
1003 3859 1153 3915 codd.
1191 3867 1257 3915 et.
