2669 4354
401 227 525 288 336
1168 245 1445 287 Accvsa'r.
1490 248 1555 287 m
1598 245 1849 286 VERREM
2654 240 2655 335 l

2654 346 2655 375 l

404 423 663 475 auctore.
765 417 875 489 Qui
919 417 979 475 id
1035 425 1233 493 poteS,
1298 421 1398 492 qui
1459 436 1534 478 ne
1582 436 1654 477 ex
1700 419 1822 477 viro
1867 417 2100 491 quidem
2160 416 2362 476 audire
2410 422 2591 486 potue·
2654 412 2655 483 ζ

403 506 523 564 ris?
611 505 840 563 Audisti
900 508 1075 579 igitur
1127 524 1198 565 ex
1256 509 1532 580 muliere,
1602 508 1871 580 quoniam
1941 506 2003 564 id
2059 506 2166 563 viri
2233 519 2344 562 nec
2400 501 2591 560 vidisse

402 609 591 666 neque
654 610 822 651 nosse
874 600 1147 666 poterant
1169 588 1237 677 ¹).
1346 595 1585 667 Qualem
1651 611 1824 667 porro
1878 594 2036 652 illam
2103 591 2376 651 feminam
2435 589 2592 647 fuisse
2656 626 2657 721 1

401 682 647 754 putatiS,
688 682 928 753 iudiceS,
975 699 1143 754 quam
1178 684 1475 755 pudicam,
1516 700 1664 755 quae
1703 700 1830 741 cum
1854 682 2039 740 Verre
2066 682 2417 753 loqueretur,
2446 692 2595 750 quam

402 769 735 840 religiosam
754 814 769 841 ,
835 785 984 841 quae
1046 772 1288 830 sacrarii
1341 770 1626 844 spoliandi
1697 771 1981 829 rationem
2044 768 2419 827 ostenderet?
2518 766 2595 821 An

404 848 679 938 [minime]
724 858 932 915 mirum
959 853 1009 938 ²)
1025 904 1041 932 ,
1103 875 1251 930 quae
1312 874 1479 917 sacra
1534 875 1642 931 per
1692 875 1969 917 summam
2026 857 2422 915 castimoniam
2468 855 2596 910 viro-

401 962 529 1002 rum
550 937 603 1024 3)
633 961 702 1002 ac
747 946 1052 1004 mulierum
1098 945 1273 1018 fiant,
1320 947 1527 1004 eadem
1570 962 1676 1018 per
1720 947 1887 1003 istius
1917 950 2175 1017 stuprum
2224 960 2292 1001 ac
2338 941 2598 1016 flagitium

404 1048 531 1091 esse
578 1033 836 1092 violata?
2658 1012 2659 1081 l

297 1114 386 1180 46
579 1119 727 1192 Quid
769 1137 908 1193 ergo
928 1125 955 1178 ‘?
1011 1122 1120 1180 hoc
1166 1124 1347 1180 solum
1402 1122 1698 1180 auditione
1759 1126 2041 1194 expetere
2104 1119 2326 1192 coepit,
2382 1133 2507 1175 cum
2554 1114 2605 1172 id
2658 1112 2659 1115 ’

401 1208 529 1280 ipse
590 1224 707 1265 non
768 1209 1044 1267 vidisset?
1161 1206 1342 1268 Immo
1409 1226 1548 1267 vero
1613 1210 1731 1267 alia
1794 1209 2110 1282 compluria
2128 1202 2206 1287 ⁴),
2279 1222 2353 1263 ex
2420 1203 2605 1278 quibus

405 1310 578 1352 unam
600 1290 651 1373 5)
713 1297 924 1369 eligam
970 1298 1379 1370 spoliationem
1438 1296 1781 1356 nobilissimi
1837 1301 2009 1369 atque
2056 1293 2443 1368 antiquissimi
2484 1291 2607 1364 fani,

404 1382 477 1441 de
522 1400 638 1456 qua
682 1385 874 1456 priore
931 1386 1159 1443 actione
1207 1392 1387 1444 testes
1432 1384 1629 1443 dicere
1672 1385 1929 1443 audistis
2036 1385 2203 1441 Nunc
2247 1383 2458 1440 eadem
2499 1381 2606 1450 illa,
2660 1398 2661 1453 1

402 1486 650 1544 quaeso,
719 1471 917 1530 audite
974 1480 1034 1530 et
1103 1472 1443 1546 diligenter,
1529 1474 1679 1539 sicut
1738 1472 1924 1530 adhuc
1983 1470 2237 1544 fecistis,
2318 1469 2606 1528 attendite.

262 1558 383 1615 103
403 1559 601 1618 Insula
648 1565 737 1618 est
780 1559 1016 1633 Melita,
1077 1561 1325 1634 iudices,
1386 1563 1525 1618 satis
1569 1560 1687 1618 lato
1733 1576 1769 1617 a
1815 1558 2012 1617 Sicilia
2070 1559 2217 1617 mari
2273 1558 2609 1630 periculoso-

406 1665 517 1720 que
566 1646 854 1720 diiuncta,
904 1648 964 1704 in
1009 1664 1122 1719 qua
1168 1654 1257 1705 est
1303 1648 1505 1707 eodem
1552 1649 1783 1706 nomine
1815 1645 2113 1720 oppidum,
2151 1663 2266 1718 quo
2308 1646 2424 1703 iste
2467 1661 2606 1701 num-

406 1751 580 1809 quam
637 1736 914 1807 accessit,
984 1735 1131 1807 quod
1202 1742 1397 1793 tamen
1458 1736 1555 1794 isti
1612 1736 1923 1793 textrinum
1987 1752 2096 1807 per
2163 1735 2485 1792 triennium
2547 1731 2609 1788 ad

404 1822 744 1881 muliebrem
787 1829 1004 1880 vestem
1054 1822 1469 1882 conficiendam
1524 1822 1650 1882 suit.
1747 1822 1838 1880 Ab
1889 1838 1957 1880 eo
2004 1822 2213 1894 oppido
2270 1838 2393 1879 11011
2456 1821 2608 1890 longe

402 1912 464 1969 in
521 1912 922 1983 promunturio
966 1910 1162 1969 fanum
1222 1917 1311 1970 est
1370 1912 1603 1970 Iunonis
1664 1912 1986 1983 antiquum,
2058 1909 2209 1983 quod
2266 1916 2439 1968 tanta
2492 1907 2611 1965 reli·

402 2001 576 2073 gione
642 2014 872 2071 semper
921 1997 1065 2071 fuit,
1135 2006 1198 2057 ut
1254 2016 1368 2057 non
1424 2000 1590 2058 modo
1639 1998 1754 2056 illis
1799 1998 2033 2056 Punicis
2089 1998 2289 2071 bellis,
2365 2012 2515 2069 quae
2560 1996 2612 2051 in

404 2088 494 2145 his
560 2085 687 2144 fere
756 2087 897 2144 locis
966 2086 1156 2144 navali
1214 2088 1381 2160 copia
1404 2081 1456 2165 ⁶)
1522 2092 1688 2160 gesta
1752 2091 1925 2158 atque
1995 2093 2227 2144 versata
2291 2091 2458 2158 sunt,
2525 2081 2613 2141 sed

409 2175 586 2233 etiam
631 2173 738 2232 hac
783 2173 1138 2246 praedonum
1181 2175 1546 2234 multitudine
1592 2191 1819 2246 semper
1863 2174 2200 2233 inviolatum
2248 2180 2611 2244 sanctumque

408 2262 602 2320 fucrit.
693 2261 842 2332 Quin
899 2263 1074 2321 etiam
1127 2264 1235 2321 hoc
1291 2264 1604 2322 memoriae
1666 2262 1957 2334 proditum
2015 2269 2133 2336 est,
2202 2262 2396 2320 classe
2453 2276 2610 2334 quon·

407 2350 542 2408 dam
584 2349 929 2408 Masinissae
977 2352 1132 2424 regis
1177 2352 1251 2409 ad
1298 2368 1429 2409 eum
1474 2352 1662 2409 locum
1708 2349 1948 2423 adpulsa
1991 2349 2358 2422 praefectum
2407 2349 2611 2421 regium

407 2437 613 2496 dentes
659 2436 944 2496 eburneos
989 2438 1317 2497 incredibili
1372 2438 1766 2513 magnitudine
1817 2455 1848 2496 e
1895 2437 2029 2496 fano
2074 2438 2378 2496 sustulisse
2428 2443 2487 2496 et
2529 2449 2615 2493 eos

406 2526 469 2583 in
509 2522 765 2582 Africam
809 2530 1071 2599 portasse
1116 2527 1577 2599 Masinissaeque
1615 2526 1878 2584 donasse.
1966 2524 2190 2600 Regem
2233 2526 2429 2598 primo
2475 2523 2617 2581 dele-

408 2617 626 2671 ctatum
662 2629 790 2672 esse
835 2630 1102 2672 munere:
1148 2620 1293 2687 post,
1339 2613 1436 2671 ubi
1483 2614 1738 2672 audisset
1767 2612 1919 2672 unde
1947 2621 2170 2686 essent,
2212 2616 2415 2671 statim
2444 2617 2616 2670 certos

405 2701 669 2760 homines
728 2702 788 2759 in
851 2702 1252 2774 quinqueremi
1319 2704 1576 2775 misisse,
1645 2703 1744 2774 qui
1814 2718 1913 2759 eos
1980 2701 2187 2761 dentes
2249 2705 2617 2774 reponerent.

407 2791 611 2861 Itaque
669 2789 731 2846 in
787 2790 857 2847 iis
903 2791 1174 2861 scriptum
1241 2790 1454 2847 litteris
1498 2790 1730 2847 Punicis
1790 2788 1925 2862 fuit,
1976 2788 2207 2862 ‘regem
2250 2789 2618 2848 Masinissam

406 2876 828 2949 imprudentem
874 2879 1199 2950 accepisse,
1261 2893 1326 2934 re
1371 2878 1599 2951 cognita
1643 2877 2023 2949 reportandos
2064 2877 2550 2950 reponendosque
2574 2869 2619 2952 ⁷)

407 2981 640 3023 curasse
653 2960 683 3022 '.
774 2965 922 3023 Erat
974 2971 1285 3038 praeterea
1346 2982 1555 3038 magna
1611 2965 1694 3021 vis
1744 2964 1962 3039 eboris,
2027 2967 2209 3022 multa
2265 2969 2620 3032 ornamenta,

404 3054 466 3110 in
526 3052 732 3126 quibus
801 3053 1094 3112 eburneae
1149 3052 1469 3126 Victoriae,
1539 3054 1771 3125 antiquo
1828 3068 2006 3125 opere
2074 3069 2143 3111 ac
2209 3069 2440 3111 summa
2506 3056 2622 3109 arte

262 3140 386 3197 104
404 3140 720 3215 perfectae.
832 3140 996 3199 Haec
1058 3141 1170 3198 iste
1237 3142 1459 3214 omnia,
1537 3159 1610 3200 ne
1679 3141 1872 3198 multis
1940 3156 2161 3214 morer,
2232 3157 2347 3198 uno
2405 3141 2621 3212 impetu

565 3371 617 3437 1)
671 3366 848 3421 Verba
885 3365 1144 3432 quoniam
1183 3398 1248 3404 —
1277 3370 1538 3431 poterant
1584 3367 1734 3418 uncis
1780 3366 1907 3418 incl.
1948 3365 2121 3426 Bake,
2176 3365 2412 3434 Kayser,
2465 3366 2621 3418 Eber-

404 3438 559 3493 hard.
704 3438 758 3506 2)
795 3438 975 3492 Uncos
1013 3452 1127 3503 pos.
1165 3435 1341 3488 Halm.
1429 3435 1524 3487 An
1571 3435 1792 3487 minime
1836 3440 1913 3488 est
1955 3436 2158 3487 mirum
2196 3452 2261 3488 ex
2297 3435 2522 3502 Lagom.
2562 3434 2623 3487 29

406 3510 642 3576 Kayser;
691 3523 758 3560 ac
793 3508 926 3561 min.
963 3512 1040 3559 est
1074 3505 1275 3559 mirum
1310 3506 1599 3560 Eberhard.
1803 3507 1857 3573 3)
1909 3505 2184 3572 mmmm
2234 3505 2300 3558 de
2335 3505 2621 3559 Hotomani

405 3580 537 3633 coni.
575 3577 798 3632 Lallem.
837 3580 891 3631 et
930 3577 1173 3630 Schuetz.
1370 3577 1426 3642 4)
1466 3575 1553 3629 Sic
1588 3576 1758 3630 Prisc.
1794 3576 1824 3628 I
1860 3592 1912 3644 p.
1943 3575 2074 3636 342;
2129 3574 2283 3629 codd.
2322 3576 2620 3642 complura.

406 3651 461 3717 5)
508 3665 681 3700 umam
716 3647 837 3700 add.
884 3646 1034 3701 codd.
1075 3647 1256 3701 Ursin.
1295 3649 1353 3699 et
1388 3648 1607 3715 Lagom.
1646 3646 1738 3709 293
1781 3645 2075 3708 Eberhard,
2119 3662 2222 3698 om.
2262 3645 2458 3708 Halm,
2515 3646 2621 3698 alii.

406 3720 463 3786 6)
500 3717 745 3771 Lambin.
782 3735 842 3769 ex
877 3717 1106 3770 vetustis
1142 3716 1532 3785 exemplaribus
1568 3732 1696 3769 nav.
1728 3715 1964 3783 modic,
2017 3716 2285 3782 singulari
2323 3716 2417 3768 illo
2458 3717 2620 3769 offon—

408 3803 517 3840 sus.
676 3788 730 3852 7)
769 3787 858 3839 Sic
891 3787 1079 3854 Halm,
1123 3787 1263 3854 quod
1299 3787 1356 3838 in
1395 3786 1508 3840 cod.
1543 3788 1675 3853 Reg.
1717 3789 1801 3839 est
1833 3784 2359 3853 reportandosquae:
2392 3786 2451 3839 in
2490 3786 2619 3839 dett.

411 3860 494 3909 est
528 3855 868 3923 reponendos
903 3856 1371 3923 restituendosque.
1446 3857 1541 3910 cfr.
1579 3856 1754 3910 Valer.
1792 3857 1931 3909 Max.
1968 3855 2013 3919 Ι,
2056 3858 2104 3923 1,
2145 3859 2250 3909 ext.
2291 3855 2338 3910 2.
