2669 4354
423 234 588 324 {32—
1444 248 1664 289 onAno

420 422 718 495 dignitatis
735 467 751 493 ,
811 421 1044 480 tertiam
1085 422 1146 479 in
1193 421 1528 479 criminibus
1567 421 1816 480 ambitus
1872 437 2001 479 esse
2047 425 2353 478 versatam.
2446 419 2617 492 Atque

417 511 623 569 harum
666 510 840 567 trium
879 510 1134 582 partium
1186 510 1554 585 primajlla,
1618 525 1766 581 quae
1814 509 2153 581 gravissima
2193 509 2446 566 debebat
2491 525 2617 580 esse,

418 601 502 656 ita
546 597 657 655 fuit
701 595 930 655 infirma
968 603 1028 655 et
1070 598 1247 671 leviS,
1297 602 1363 654 ut
1405 598 1536 655 illos
1581 598 1676 655 lex
1718 597 1902 668 magis
1948 596 2234 668 quaedam
2280 597 2616 653 accusatoria

420 703 591 758 quam
651 701 793 743 vera
849 686 1000 742 male
1065 684 1297 742 dicendi
1358 685 1603 743 facultas
1663 685 1736 742 de
1793 686 1912 742 vita
1970 684 2033 744 L.
2093 684 2380 742 Murenae
2439 684 2614 740 dicere

420 773 638 846 aliquid
681 773 953 845 coegerit.
1073 771 1314 830 Obiecta
1363 778 1452 830 est
1506 773 1660 830 enim
1705 772 1879 853 QZ&
1937 787 2086 843 quae
2132 773 2205 830 ab
2252 772 2363 829 hoc
2405 788 2517 828 non
2558 771 2615 828 ad

418 862 770 934 voluptatem
801 865 862 918 et
901 861 1184 918 luxuriam
1228 861 1486 933 expetita
1532 866 1644 933 est,
1692 860 1795 917 sed
1838 861 1899 917 in
1944 860 2181 918 militari
2224 860 2428 917 labore
2469 875 2616 932 pera-

417 954 601 1022 grata.
690 948 800 1018 Qui
848 949 897 1005 si
944 947 1286 1006 adulescens
1338 952 1506 1021 patre
1563 938 1664 1005 suo
1725 949 2076 1020 imperatore
2133 964 2252 1004 non
2310 949 2613 1017 meruisset,

420 1043 520 1094 aut
558 1037 781 1094 hostem
827 1040 927 1093 aut
970 1037 1154 1109 patris
1199 1037 1507 1109 imperium
1553 1036 1813 1093 timuisse
1860 1041 1960 1092 aut
1998 1052 2034 1093 a
2078 1039 2323 1107 parente
2363 1035 2611 1107 repudia-

419 1129 510 1182 tus
557 1139 686 1182 esse
711 1119 763 1203 1>
807 1123 1128 1181 videretur:
1199 1140 1304 1197 an,
1368 1140 1497 1180 cum
1556 1123 1763 1180 sedere
1822 1124 1885 1180 in
1947 1123 2112 1199 equis
2157 1123 2612 1204 triumphantium

418 1213 769 1284 praetextati
813 1211 1172 1283 potissimum
1217 1209 1320 1268 filii
1368 1212 1627 1284 soleant,
1674 1210 1806 1268 huic
1854 1210 2020 1268 donis
2066 1211 2412 1268 militaribus
2456 1211 2612 1283 patris

419 1299 770 1373 triumphum
836 1299 1114 1357 decorare
1178 1297 1517 1372 fugiendum
1583 1298 1720 1370 fuit,
1793 1304 1859 1356 ut
1882 1292 1934 1378 2)
2011 1299 2185 1356 rebus
2258 1298 2612 1355 communiter

322 1395 399 1450 12
420 1389 600 1460 gestis
643 1403 833 1461 paene
881 1387 1048 1444 simul
1091 1404 1222 1444 cum
1276 1392 1446 1459 patre
1492 1386 1915 1459 triumpharet?
2015 1387 2127 1443 Hic
2170 1403 2340 1460 vero,
2395 1386 2609 1456 iudiceS,
2665 1404 2666 1427 1

422 1480 482 1533 et
530 1473 640 1532 fuit
697 1476 757 1533 in
802 1475 945 1532 Asia
1005 1478 1066 1531 et
1123 1477 1246 1531 viro
1299 1473 1641 1547 fortissimo,
1715 1475 1946 1545 parenti
2007 1490 2129 1547 suo,
2205 1489 2415 1546 magno
2473 1474 2610 1531 adiu·

418 1568 616 1621 mento
660 1563 721 1620 in
764 1563 1066 1635 pericuIiS,
1113 1562 1326 1620 solacio
1369 1562 1431 1618 in
1475 1561 1801 1635 laboribuS,
1859 1562 2234 1633 gratulationi
2291 1562 2355 1618 in
2393 1562 2610 1619 victoria

418 1650 544 1709 fuit.
634 1651 714 1708 Et
779 1652 830 1707 si
895 1650 1073 1708 habet
1133 1649 1276 1707 Asia
1345 1650 1726 1722 suspicionem
1792 1650 2055 1707 luxuriae
2125 1648 2444 1721 quandam,
2517 1665 2610 1705 non

417 1740 617 1797 Asiam
657 1754 965 1810 numquam
1008 1736 1247 1810 vidisse,
1295 1737 1399 1794 sed
1442 1738 1504 1793 in
1549 1736 1691 1794 Asia
1736 1739 2103 1795 continenter
2140 1737 2352 1794 vixisse
2397 1736 2609 1794 laudan·

418 1828 552 1885 dum
599 1832 704 1884 est.
794 1826 977 1897 Quam
1021 1824 1094 1882 ob
1137 1842 1260 1883 rem
1304 1841 1420 1882 non
1464 1824 1641 1882 Asiae
1688 1841 1898 1882 nomen
1941 1824 2304 1883 obiciendum
2351 1826 2606 1882 Murenae

415 1915 554 1989 fuit,
626 1931 699 1972 ex
748 1931 861 1986 qua
911 1914 1039 1971 laus
1099 1911 1385 1986 familiae,
1461 1913 1738 1970 memoria
1790 1913 2025 1986 generi,
2101 1913 2279 1969 honos
2336 1919 2397 1970 et
2451 1912 2608 1985 gloria

415 2003 633 2060 nomini
690 2001 1000 2059 constituta
1044 2005 1158 2072 est,
1222 2001 1324 2058 sed
1381 1998 1614 2072 aliquod
1671 2005 1771 2057 aut
1827 2000 1889 2057 in
1946 2000 2088 2057 Asia
2146 2005 2472 2073 susceptum
2528 2003 2607 2055 aut

416 2107 489 2147 ex
533 2091 675 2148 Asia
711 2089 1077 2161 deportatum
1121 2085 1402 2161 flagitium
1449 2105 1516 2144 ac
1560 2086 1842 2145 dedecus:
1903 2089 2184 2146 meruisse
2229 2105 2371 2146 vero
2417 2089 2605 2159 stipen-

415 2179 513 2237 dia
567 2180 629 2236 in
688 2194 758 2237 eo
802 2176 981 2250 bello,
1041 2175 1193 2248 quod
1248 2182 1371 2234 tum
1427 2175 1670 2249 populus
1714 2174 2005 2234 Romanus
2064 2193 2179 2234 non
2241 2176 2411 2234 modo
2455 2175 2604 2233 maxi-

412 2283 594 2339 mum,
642 2266 743 2324 sed
777 2265 948 2321 etiam
991 2264 1173 2321 solum
1219 2265 1487 2337 gerebat,
1532 2264 1791 2337 virtutiS,
1837 2269 2003 2336 patre
2048 2265 2402 2338 imperatore
2447 2265 2602 2321 liben-

414 2354 632 2412 tissime
693 2352 972 2410 meruisse
1031 2353 1294 2424 pieta-tis,
1372 2350 1547 2409 finem
1608 2351 2026 2424 stipendiorum
2086 2353 2269 2425 patris
2329 2353 2602 2410 victoriam

415 2458 484 2499 ac
533 2441 882 2513 triumphum
935 2438 1115 2498 fuisse
1172 2440 1468 2497 felicitatis
1519 2438 1646 2496 fuit.
1747 2439 2067 2497 Maledicto
2122 2440 2356 2511 quidem
2415 2440 2601 2497 idcirco

413 2530 557 2587 nihil
601 2530 663 2587 in
698 2529 858 2586 hisce
903 2528 1077 2585 rebus
1120 2528 1233 2585 loci
1277 2533 1396 2601 est,
1442 2528 1599 2600 quod·
1644 2527 1837 2585 omnia
1876 2528 2003 2584 laus
2049 2529 2368 2599 occupavit.

351 2622 395 2688 6
589 2617 934 2694 saltatorem
972 2615 1230 2687 appellat
1265 2616 1331 2673 L.
1377 2615 1684 2672 Murenam
1732 2614 1895 2672 Cato.
1984 2615 2365 2672 Maledictum
2408 2621 2517 2685 est,
2562 2612 2599 2668 si

313 2719 390 2775 13
409 2722 547 2763 vere
594 2704 872 2776 obicitur,
931 2704 1291 2761 vehementis
1351 2704 1732 2775 accusatoriS,
1797 2703 1888 2760 sin
1938 2702 2113 2775 falso,
2176 2704 2448 2761 maledici
2491 2718 2599 2758 con-
2655 2703 2656 2706 ’

407 2793 719 2851 viciatoris.
823 2792 1016 2862 Quare
1061 2808 1191 2848 cum
1240 2792 1355 2848 ista
1399 2792 1478 2847 sis
1524 2790 1901 2863 auctoritate,
1959 2807 2074 2847 non
2133 2791 2344 2865 debeS,
2406 2792 2595 2854 Marce,

408 2881 677 2953 adripere
724 2879 1095 2937 maledictum
1144 2896 1214 2937 ex
1252 2879 1422 2936 trivio
1455 2883 1555 2935 aut
1587 2896 1659 2936 ex
1703 2894 2031 2936 scurrarum
2077 2879 2271 2951 aliquo
2304 2867 2594 2952 convivio-⁰³)
2665 2929 2666 2932 ,

405 2986 595 3042 neque
658 2974 881 3026 temere
945 2967 1238 3033 consulem
1297 2965 1490 3039 populi
1543 2965 1788 3023 Romani
1844 2968 2180 3024 saltatorem
2219 2983 2458 3032 vocare,
2515 2961 2593 3021 sed
2653 2967 2654 2970 ’

405 3058 878 3130 circumspicere,
933 3054 1135 3127 quibus
1183 3059 1495 3126 praeterea
1535 3054 1692 3111 vitiis
1750 3052 2042 3111 adfectum
2088 3071 2215 3113 esse
2237 3113 2242 3118 ,
2262 3070 2501 3113 necesse
2539 3051 2594 3107 sit

407 3163 566 3220 eum,
626 3147 718 3203 cui
761 3161 900 3202 vere
958 3142 1113 3200 istud
1161 3142 1313 3200 obici
1369 3142 1565 3213 possit.
1664 3142 1851 3199 Nemo
1911 3142 2065 3199 enim
2130 3141 2257 3200 fere
2312 3144 2484 3200 saltat
2526 3154 2593 3195 so-

405 3234 590 3306 briuS,
645 3233 759 3290 nisi
803 3230 953 3290 forte
999 3230 1243 3303 insanit,
1305 3245 1495 3302 neque
1548 3230 1609 3285 in
1650 3229 1956 3286 solitudine
2011 3246 2197 3302 neque
2256 3230 2318 3286 in
2365 3226 2589 3287 convivio

402 3320 700 3378 moderato
758 3325 932 3392 atque
1006 3319 1283 3376 honesto:
1357 3316 1689 3389 tempestivi
1712 3310 1766 3395 4)
1837 3318 2113 3391 convivii,
2189 3319 2421 3412 amoeni
2486 3312 2589 3381 loci,

542 3572 594 3640 1)
635 3586 747 3624 esse
783 3567 962 3624 addid.
999 3568 1241 3623 Lambin.
1283 3571 1338 3621 et
1372 3567 1523 3622 Boot.
1666 3569 1721 3635 2)
1762 3566 1889 3622 Cod.
1928 3567 2135 3622 Monac.
2171 3582 2266 3630 ne,
2305 3568 2444 3636 quod
2476 3577 2585 3617 rece-

398 3646 552 3711 perat
588 3642 753 3695 Halm
790 3643 846 3695 in
885 3640 965 3694 ed.
1008 3640 1164 3702 Tur.;
1203 3639 1407 3707 Campe
1442 3645 1507 3691 ut
1540 3653 1625 3691 ne.
1786 3641 1840 3707 3)
1878 3640 2121 3692 convivio
2158 3639 2431 3700 Lambin.;
2465 3630 2585 3688 codd.

397 3712 632 3767 convitio
668 3714 751 3765 vel
787 3710 998 3764 comitio
1009 3730 1029 3776 ;
1065 3710 1250 3772 Halm,
1291 3708 1437 3777 quod
1470 3710 1525 3761 in
1562 3726 1665 3762 non
1706 3710 1871 3762 nullis
1907 3710 2062 3763 libris
2100 3725 2166 3761 θα,-
2200 3710 2476 3768 omittitur,
2509 3718 2583 3779 ⁸⁰¹:

398 3790 497 3837 aut
540 3798 713 3837 scurr.
766 3780 993 3848 aliquod
1046 3780 1364 3833 convicium.
1578 3780 1635 3849 4)
1694 3778 1857 3833 Codd.
1906 3796 2015 3833 non
2059 3779 2195 3832 nulli
2241 3774 2583 3845 intempestive

396 3855 531 3926 quod
570 3854 775 3922 recepit
810 3852 1019 3922 Zumpt.
