2669 4354
413 212 494 269 38
1411 219 1630 262 omino

409 415 507 457 ces
532 393 617 479 1),
671 398 739 457 L.
786 399 1037 469 Sullam,
1101 415 1228 456 cum
1287 398 1444 454 solus
1500 412 1622 454 rem
1682 393 1968 467 publicam
2022 394 2261 464 regeret
2322 390 2607 462 orbemque

407 491 695 545 terrarum
751 485 1107 559 gubernaret
1169 485 1514 558 imperiique
1571 483 1965 558 maiestatem,
2027 495 2199 552 quam
2257 480 2431 536 armis
2476 495 2607 536 rece-

410 579 607 648 perat,
670 574 898 646 legibus
959 571 1358 646 confirmaret,
1418 573 1614 644 aliqua
1670 568 2133 628 animadvertere
2180 584 2299 625 non
2344 568 2608 639 potuisse?

409 663 524 720 nisi
581 664 690 721 hoc
746 663 952 720 mirum
1001 666 1124 736 est,
1184 661 1337 734 quod
1381 661 1466 718 vis
1526 660 1720 718 divina
1765 657 2006 729 adsequi
2051 670 2169 713 non
2211 655 2423 728 possit,
2485 656 2530 712 si
2566 656 2607 713 id

261 748 385 805 132
410 767 575 808 mens
636 751 887 808 humana
961 749 1173 822 adepta
1222 766 1338 808 non
1390 749 1480 806 sit.
1579 747 1799 805 Verum
1853 750 1918 803 ut
1971 745 2118 802 haec
2173 744 2351 801 missa
2409 743 2606 816 faciam,

410 854 558 912 quae
598 839 713 897 iam
760 839 918 896 facta
965 844 1130 911 sunt,
1179 854 1250 895 ex
1279 837 1380 910 iis,
1427 852 1575 909 quae
1603 851 1756 893 nunc
1785 851 1913 892 cum
1957 833 2203 891 maxime
2240 831 2404 905 fiunt,
2447 850 2605 890 nonne

410 926 594 1000 quivis
651 930 843 999 potest
909 926 1256 999 intellegere
1317 926 1569 982 omnium
1629 922 2010 981 architectum
2070 926 2131 978 et
2184 920 2606 979 machinatorem

410 1031 586 1072 unum
664 1031 791 1073 esse
852 1013 1332 1086 Chrysogonum?
1413 1012 1524 1083 Qui
1584 1013 1713 1071 Sex.
1761 1009 1958 1068 Roscii
2003 1025 2212 1068 nomen
2259 1006 2605 1066 deferendum

412 1103 631 1160 curavit
689 1100 816 1176 [hoc
860 1100 1154 1175 iudicium]
1179 1096 1262 1181 ²),
1314 1101 1477 1159 cuius
1535 1099 1770 1158 honoris
1817 1112 1991 1156 causa
2047 1112 2324 1155 accusare
2382 1113 2446 1154 se
2496 1096 2606 1154 dixit

409 1190 659 1248 Erucius
707 1234 960 1250 .....

1136 1353 1392 1420 Desunt
1436 1374 1566 1419 non
1602 1373 1823 1435 pauca
1842 1351 1912 1439 ⁸).

297 1506 390 1570 46
412 1551 666 1569 .....
715 1511 908 1581 aptam
970 1513 1032 1565 et
1086 1507 1314 1566 ratione
1362 1505 1695 1579 dispositam
1741 1521 1804 1563 se
1851 1504 2069 1564 habere
2119 1503 2481 1578 existimant,
2534 1502 2605 1575 qui

410 1594 473 1651 in
510 1594 846 1653 Sallentinis
893 1601 998 1653 aut
1031 1596 1092 1652 in
1122 1595 1342 1653 Brutiis
1386 1594 1623 1667 habent,
1670 1593 1823 1651 unde
1863 1593 1959 1651 vix
2003 1597 2097 1652 ter
2131 1591 2192 1648 in
2234 1609 2386 1650 anno
2434 1591 2602 1650 audire

411 1684 675 1741 nuntium
717 1688 971 1755 possunt.

266 1775 391 1833 133
586 1770 756 1829 Alter
797 1771 904 1829 tibi
944 1769 1245 1829 descendit
1287 1769 1362 1828 de
1407 1770 1624 1841 palatio
1672 1774 1731 1827 et
1761 1768 2001 1827 aedibus
2043 1769 2188 1827 suis:
2235 1767 2414 1826 habet
2460 1767 2604 1826 animi

411 1874 584 1916 causa
654 1876 753 1918 rus
824 1875 1127 1917 amoenum
1195 1862 1254 1916 et
1315 1856 1730 1938 suburbanum,
1803 1858 1970 1930 plura
2027 1864 2338 1930 praeterea
2394 1856 2605 1930 praedia

408 1962 600 2018 neque
646 1951 841 2005 tamen
886 1946 1067 2004 ullum
1095 1946 1210 2003 nisi
1245 1946 1609 2019 praeclarum
1643 1951 1703 2004 et
1730 1945 2139 2019 propinquum3
2182 1945 2382 2004 domus
2415 1942 2605 2003 referta

408 2035 559 2092 vasis
618 2033 931 2093 Corinthiis
989 2040 1049 2093 et
1095 2033 1378 2108 DeliaciS,
1435 2034 1496 2090 in
1549 2033 1755 2106 quibus
1818 2038 1908 2091 est
1952 2033 2236 2108 authepsa
2279 2033 2408 2107 illa,
2463 2048 2603 2105 quam

410 2127 573 2182 tanto
636 2122 825 2196 pretio
902 2139 1089 2196 nuper
1149 2127 1439 2181 mercatus
1497 2126 1612 2197 est,
1682 2127 1745 2181 ut
1803 2123 1900 2196 qui
1960 2125 2436 2197 praetereunteS,
2497 2118 2603 2194 quid

409 2227 621 2284 praeco
685 2212 1016 2269 enuntiaret
1037 2203 1122 2290 4),
1199 2210 1544 2285 audiebant,
1610 2210 1847 2269 fundum
1921 2211 2122 2269 venire
2191 2210 2603 2269 arbitrarentur.

410 2298 560 2370 Quid
637 2304 947 2372 praeterea
1027 2298 1237 2357 caelati
1315 2300 1577 2372 argenti,
1642 2299 1780 2372 quid
1852 2301 2142 2371 stragulae
2213 2299 2390 2357 vestis
2407 2344 2423 2372 ,
2497 2295 2603 2370 quid

406 2387 690 2460 pictarum
751 2387 1106 2460 tabularum,
1163 2386 1301 2459 quid
1362 2386 1654 2461 signorum
1674 2432 1689 2461 ,
1749 2387 1886 2460 quid
1930 2386 2232 2445 marmoris
2279 2386 2432 2459 apud
2473 2387 2604 2443 illum

404 2474 622 2547 putatis
693 2478 862 2533 esse?
931 2481 1151 2533 tantum
1219 2475 1468 2548 scilicet,
1529 2479 1802 2547 quantum
1860 2491 1893 2533 e
1947 2475 2142 2545 multis
2198 2472 2602 2547 splendidisque

405 2561 641 2620 familiis
700 2563 764 2621 in
831 2563 1003 2621 turba
1072 2567 1132 2620 et
1199 2563 1422 2635 rapinis
1488 2563 1819 2621 coacervari
1885 2579 2001 2622 una
2065 2563 2128 2619 in
2195 2562 2363 2621 domo
2429 2559 2604 2635 potuit.

261 2657 383 2713 134
402 2650 708 2709 Familiam
771 2666 910 2709 vero
972 2655 1245 2724 quantam
1315 2655 1377 2708 et
1428 2667 1598 2723 quam
1654 2651 1833 2709 variis
1890 2667 2019 2709 cum
2078 2649 2341 2709 artificiis
2369 2650 2604 2726 habeat,

402 2738 541 2811 quid
607 2755 716 2812 ego
775 2738 963 2797 dicam
983 2743 1011 2796 ?
1094 2737 1268 2797 Mitto
1328 2739 1503 2797 hasce
1563 2742 1721 2796 artes
1775 2739 2066 2812 volgares,
2126 2754 2319 2812 cocOS,
2364 2739 2603 2813 pistore5‚

399 2827 758 2885 lecticarios:
820 2826 998 2885 animi
1057 2832 1117 2886 et
1179 2827 1406 2885 aurium
1460 2842 1634 2885 causa
1689 2831 1778 2884 tot
1821 2827 2083 2884 homines
2122 2826 2335 2900 habet,
2381 2832 2447 2884 ut
2490 2824 2604 2882 coti·

400 2914 572 2973 diano
638 2919 814 2973 cantu
872 2930 1073 2973 vocum
1129 2919 1190 2972 et
1229 2931 1538 2973 nervorum
1573 2919 1632 2973 et
1677 2914 1949 2974 tibiarum
1995 2915 2403 2987 nocturnisque
2443 2912 2604 2971 convi-

400 3003 508 3060 viis
553 3007 678 3060 tota
725 3003 993 3062 vicinitas
1037 3007 1328 3077 personet.
1420 3004 1489 3061 In
1533 3003 1646 3061 hac
1690 3003 1836 3077 vita,
1881 3003 2134 3078 iudiceS,
2181 3020 2322 3075 quos
2373 3006 2604 3074 sumptus

405 3090 724 3148 cotidianos
746 3135 762 3164 ,
826 3107 967 3164 quas
1033 3091 1344 3150 effusiones
1409 3090 1537 3149 fieri
1593 3092 1847 3165 putatis?
1914 3107 2062 3164 quae
2134 3107 2273 3150 vero
2334 3088 2604 3149 convivia?

403 3177 684 3253 honest-a,
735 3178 935 3253 credo,
981 3180 1042 3238 in
1088 3180 1214 3238 eius
1263 3178 1419 3237 modi
1464 3178 1665 3252 domo,
1715 3180 1764 3236 si
1810 3180 2010 3238 domus
2038 3180 2186 3239 haec
2228 3178 2496 3237 habenda
2537 3178 2604 3233 est

402 3266 593 3338 potius
639 3283 807 3339 quam
853 3266 1089 3327 officina
1118 3267 1415 3340 nequitiae
1448 3273 1510 3326 et
1548 3267 1943 3327 deversorium
1981 3266 2329 3342 flagitiorum
2360 3265 2603 3325 omnium.

342 3576 357 3592 ο
580 3518 634 3584 1)
672 3517 876 3571 iudices
913 3518 1156 3573 additum
1198 3522 1282 3573 est
1320 3536 1382 3573 ex
1423 3519 1696 3573 scholiast.
1886 3521 1939 3590 2)
1977 3519 2078 3574 hoc
2111 3518 2377 3572 iudicium
2414 3513 2604 3573 inclusit

395 3587 637 3657 Madvig.
787 3590 841 3657 3)
882 3588 960 3643 Ex
995 3592 1099 3643 vet.
1142 3589 1307 3645 schol.
1345 3590 1535 3644 inserit
1574 3590 1742 3644 Orelli
1781 3591 1939 3644 haec:
1970 3633 1981 3644 .
2023 3632 2034 3644 .
2064 3590 2127 3643 in
2161 3589 2276 3643 vico
2305 3587 2604 3662 Pallacinae

398 3700 410 3712 .
450 3701 462 3713 .
500 3658 736 3711 maxime
775 3660 968 3712 metuit
1006 3702 1018 3714 .
1059 3700 1070 3712 .
1106 3658 1171 3712 in
1203 3660 1557 3716 Veientanam
1596 3701 1608 3713 .
1637 3703 1649 3715 .
1686 3677 1860 3714 manu
1887 3660 2131 3730 praedia
2158 3660 2414 3727 praediis
2452 3703 2462 3713 .
2491 3702 2502 3712 .
2536 3656 2602 3708 luc

396 3746 488 3798 eqo
524 3728 722 3782 audire
756 3729 887 3783 istos
924 3729 1104 3798 cupio,
1145 3774 1157 3785 .
1195 3772 1206 3782 .
1247 3772 1259 3783 .
1448 3731 1504 3799 4)
1546 3731 1678 3799 quid
1716 3748 1923 3800 praeco
1959 3731 2264 3785 enuntiaret
2297 3732 2598 3786 Mommsen:

402 3799 536 3867 quid
595 3815 798 3868 praeco
851 3800 936 3855 vel
972 3800 1255 3868 praetium
1300 3818 1613 3855 enumerare
1660 3805 1748 3857 vel
1810 3818 2098 3857 ‘numerare
2147 3800 2330 3856 codd:
2403 3802 2495 3857 alii
2538 3796 2598 3851 cd·

386 3886 709 3939 praeconem
743 3870 1044 3926 muntiare.
