2669 4354
725 275 838 315 PRO
883 275 1010 315 snx.
1054 274 1260 315 Rosmo
1303 275 1597 316 minuc.
2184 255 2266 315 35

68 450 221 508 ‘Cum
267 449 634 523 Chrysogono
691 444 857 506 sunt?
946 449 1037 506 Ita
1079 448 1283 506 credo:
1336 448 1546 506 litteris
1589 463 1788 506 eorum
1835 453 1893 506 et
1939 448 2268 506 urbanitate

68 539 447 612 Chrysogonus
515 538 770 611 ducitur,
839 543 903 594 ut
964 538 1118 595 inter
1184 552 1318 594 suos
1380 537 1634 603 omnium
1692 536 2033 595 deliciarum
2093 544 2268 611 atque

66 628 299 685 omnium
343 627 553 685 artium
597 626 873 700 puerulos
920 641 991 683 ex
1038 628 1126 682 tot
1171 624 1616 698 elegantissimis
1648 623 1883 684 familiis
1914 627 2097 685 lectos
2129 628 2271 685 velit

66 716 156 773 hos
216 716 471 787 versari,
536 715 800 773 homines
865 720 1052 785 paene
1121 712 1420 785 operarios
1487 727 1560 769 ex
1618 712 1897 771 Amerina
1961 714 2271 788 disciplina

64 805 225 875 patris
271 803 526 872 familiae
572 802 868 860 rusticani.
959 801 1089 859 Non
1135 800 1219 857 ita
1265 804 1359 858 est
1398 798 1685 874 profect0,
1731 801 1979 875 iudices3
2023 818 2139 860 non
2180 807 2270 861 est
2291 802 2410 859 121

64 893 176 950 veri
225 891 439 964 simile,
496 896 562 949 ut
608 889 1006 963 Chrysogonus
1066 888 1267 946 horum
1324 888 1550 946 litteras
1592 888 1879 948 adamarit
1923 894 2026 947 aut
2069 890 2267 948 huma·
2317 926 2318 929 =

63 981 321 1052 nitatem,
367 995 511 1058 non,
553 983 618 1036 ut
656 979 747 1036 rei
788 976 1092 1035 familiaris
1122 976 1356 1049 negotio
1386 976 1745 1050 diligentiam
1776 978 2037 1049 cognorit
2069 994 2269 1037 eorum

67 1072 118 1124 et
168 1065 351 1126 fidem.
442 1067 551 1124 Est
610 1065 911 1139 quiddam,
972 1064 1123 1137 quod
1187 1064 1540 1137 occultatur3
1592 1065 1743 1138 quod
1800 1082 1913 1138 quo
1957 1065 2267 1124 studiosius

65 1156 130 1213 ab
168 1156 293 1214 istis
316 1149 369 1236 ¹)
426 1154 768 1228 opprimitur
814 1158 875 1211 et
918 1151 1313 1226 absconditur,
1378 1169 1447 1210 eo
1492 1153 1674 1226 magis
1720 1154 1940 1211 eminet
1986 1159 2046 1212 et
2090 1169 2268 1227 appa-

61 1248 155 1302 ret.
244 1243 394 1315 Quid
429 1244 648 1316 igitur?
740 1241 1138 1315 Chrysogonus
1199 1240 1365 1297 suine
1412 1238 1681 1299 maleficii
1722 1241 2048 1299 occultandi
2094 1258 2268 1300 causa
2285 1235 2378 1301 42

62 1332 438 1402 quaestionem
489 1331 563 1389 de
620 1331 691 1389 iis
755 1328 961 1388 haberi
1006 1344 1121 1386 non
1167 1328 1326 1386 volt?
1416 1328 1690 1403 Minime,
1737 1328 1985 1402 iudices3
2045 1346 2162 1388 non
2205 1329 2268 1387 in
2288 1328 2412 1385 122

63 1435 242 1478 omnes
301 1419 553 1478 arbitror
597 1418 791 1477 omnia
842 1417 1169 1475 convenire.
1260 1416 1388 1489 Ego
1433 1418 1496 1474 in
1541 1415 1941 1491 Chrysogono,
1998 1418 2149 1490 quod
2193 1417 2269 1476 ad

64 1523 141 1564 me
185 1509 423 1580 attinet,
481 1506 628 1563 nihil
670 1506 819 1563 eius>
840 1504 995 1562 modi
1035 1504 1320 1577 suspicor3
1385 1521 1572 1577 neque
1618 1505 1729 1563 hoc
1773 1505 1913 1562 mihi
1957 1521 2111 1562 nunc
2155 1507 2271 1578 pri-

65 1610 204 1651 mum
259 1596 324 1652 in
376 1599 633 1653 mentem
690 1593 854 1652 venit
906 1591 1123 1650 dicere.
1221 1592 1572 1651 Meministis
1631 1609 1723 1650 me
1779 1593 1863 1650 ita
1909 1592 2270 1652 distribuisse

66 1682 214 1740 initio
281 1698 549 1741 causam:
631 1682 694 1738 in
761 1681 1006 1753 crimen,
1086 1678 1247 1737 cuius
1306 1684 1431 1738 tota
1497 1682 1923 1752 argumentatio
1990 1682 2272 1753 permissa

66 1769 260 1828 Erucio
310 1775 430 1844 est,
478 1776 540 1829 et
583 1770 645 1827 in
690 1768 1024 1840 audaciam,
1071 1768 1235 1825 cuius
1280 1773 1480 1840 partes
1510 1767 1735 1826 Rosciis
1780 1768 2086 1840 impositae
2119 1774 2267 1829 sunt.

65 1856 329 1931 Quicquid
373 1856 673 1930 maleficii,
724 1856 963 1915 sceleris
980 1900 995 1928 ,
1052 1855 1248 1912 caedis
1295 1856 1436 1929 erit,
1495 1856 1789 1929 proprium
1831 1855 1891 1913 id
1936 1854 2271 1914 Rosciorum

68 1962 177 2004 esse
220 1946 473 2004 debebit.
564 1945 819 2003 Nimiam
865 1943 1112 2016 gratiam
1156 1943 1591 2017 potentiamque
1625 1942 1985 2016 Chrysogoni
2029 1942 2272 2001 dicimus

68 2038 118 2089 et
161 2032 322 2091 nobis
376 2034 610 2092 obstare
674 2037 735 2091 et
787 2029 1037 2106 perferri
1080 2030 1237 2088 nullo
1283 2031 1452 2090 modo
1488 2048 1659 2105 posse
1699 2036 1759 2090 et
1804 2048 1839 2089 a
1882 2031 2069 2105 vobiS,
2131 2048 2271 2104 quo-

68 2120 200 2180 niam
251 2127 515 2196 potestas
577 2120 716 2180 data
761 2124 880 2193 est,
943 2136 1060 2179 non
1101 2119 1274 2177 modo
1316 2116 1624 2194 infirmari,
1680 2137 1883 2179 verum
1929 2119 2104 2179 etiam
2148 2120 2271 2177 vin-

71 2208 224 2268 dicari
267 2216 563 2283 oportere.
653 2209 781 2283 Ego
826 2208 909 2265 sic
952 2208 1247 2266 existimo:
1301 2208 1400 2281 qui
1442 2208 1643 2281 quaeri
1690 2208 1833 2266 velit
1879 2226 1949 2266 ex
1983 2208 2084 2282 iis,
2133 2225 2272 2281 quos
2296 2204 2416 2262 123

70 2304 301 2373 constat,
349 2316 479 2357 cum
527 2296 737 2355 caedes
782 2294 939 2354 facta
984 2297 1059 2354 sit
1100 2293 1386 2369 adfuisse,
1434 2313 1564 2354 eum
1606 2313 1819 2370 cupere
1865 2313 2065 2355 verum
2110 2297 2272 2354 inve-

69 2385 163 2442 niri
184 2381 262 2466 ²);
322 2388 420 2459 qui
476 2390 740 2457 recuset,
799 2400 931 2441 eum
985 2383 1276 2457 profecto,
1341 2386 1573 2442 tametsi
1631 2384 1809 2443 verbo
1866 2401 1982 2443 non
2040 2384 2273 2457 audeat,

69 2477 238 2532 tamen
305 2490 370 2531 re
428 2476 558 2547 ipsa
613 2473 686 2532 de
746 2469 1030 2530 maleficio
1071 2487 1174 2529 suo
1217 2469 1496 2531 confiteri.
1584 2473 1719 2531 Dixi
1766 2473 1963 2546 initio,
2031 2471 2271 2547 iudiceS,

67 2562 200 2620 nolle
254 2579 351 2621 me
403 2563 576 2635 plura
628 2560 700 2619 de
762 2562 1002 2617 istorum
1065 2560 1289 2617 scelere
1351 2560 1573 2633 dicere,
1640 2577 1811 2632 quam
1857 2575 2034 2618 causa
2078 2566 2271 2632 postu-

68 2648 199 2708 laret
259 2666 329 2709 ac
395 2649 717 2709 necessitas
784 2649 912 2721 ipsa
960 2653 1212 2721 cogeret.
1319 2648 1469 2706 Nam
1527 2652 1588 2705 et
1644 2650 1859 2706 multae
1913 2664 2009 2707 res
2052 2645 2269 2706 adferri

69 2744 306 2812 possunt,
382 2744 444 2797 et
515 2752 631 2794 una
697 2752 961 2808 quaeque
1033 2752 1232 2793 earum
1292 2736 1489 2814 multis
1547 2752 1677 2793 cum
1737 2737 2094 2809 argumentis
2153 2736 2268 2794 dici

70 2830 249 2894 potest.
342 2826 560 2884 Verum
609 2841 745 2899 eg0,
792 2822 946 2895 quod
990 2824 1204 2881 invitus
1253 2839 1323 2882 ac
1354 2824 1683 2882 necessario
1713 2821 1899 2898 facio,
1944 2840 2135 2897 neque
2170 2824 2269 2882 diu

70 2909 234 2985 neque
301 2914 615 2986 diligenter
681 2910 877 2970 facere
952 2928 1220 2985 possum3
1288 2928 1436 2985 quae
1507 2912 1816 2984 praeteriri
1886 2912 2040 2969 nullo
2101 2912 2269 2969 modo

70 3005 349 3076 poterant,
407 3017 481 3060 ea
525 3001 733 3059 leviter
752 3044 765 3071 ,
823 2998 1072 3072 iudices,
1131 3000 1325 3073 attigi3
1373 3015 1525 3071 quae
1569 3000 1759 3074 posita
1804 3004 1939 3057 sunt
1980 3001 2042 3057 in
2087 3000 2270 3072 suspi-

72 3088 337 3165 cionibuS,
394 3090 467 3149 de
516 3088 721 3162 quibus
762 3087 810 3145 si
857 3104 1104 3162 coepero
1147 3087 1374 3161 dicere,
1427 3087 1686 3160 pluribus
1731 3087 1924 3146 verbis
1968 3088 2044 3145 sit
2088 3086 2271 3145 disse-

72 3176 320 3252 rendum,
367 3194 441 3236 ea
488 3177 698 3236 vestris
743 3175 993 3249 ingeniis
1039 3176 1523 3248 coniecturaeque
1568 3176 1876 3234 committo.

220 3266 404 3326 Venio
464 3281 619 3324 nunc
667 3264 740 3322 ad
784 3263 928 3321 illud
971 3280 1182 3323 nomen
1223 3280 1461 3321 aureum
1506 3263 1858 3337 Chrysogoni
1880 3258 1961 3343 3),
2008 3262 2112 3320 sub
2159 3279 2269 3335 quo
2288 3249 2381 3316 43

71 3353 281 3413 nomine
325 3359 451 3412 tota
496 3354 743 3412 societas
786 3352 957 3410 latuit
972 3346 1052 3431 4);
1110 3351 1184 3409 de
1225 3368 1366 3427 quo,
1412 3352 1666 3425 iudices,
1708 3366 1898 3423 neque
1943 3366 2055 3424 quo
2101 3351 2270 3410 modo
2294 3345 2418 3401 124

72 3467 166 3477 ἡ

70 3532 223 3589 locum
259 3538 337 3591 sic
372 3536 640 3591 restituit:
690 3541 749 3590 at
796 3551 963 3603 neque
1009 3533 1072 3586 in
1104 3548 1200 3586 vos
1236 3534 1552 3600 ςχιιαεφηῐιανς
1603 3533 1657 3586 S.
1696 3532 1840 3586 enim
1878 3532 2113 3586 Roscius
2148 3547 2273 3584 reas

73 3609 164 3669 68t3
206 3624 367 3675 neque
401 3611 479 3660 est
513 3607 763 3674 iniquum
813 3606 876 3659 de
911 3606 1010 3658 hoc
1048 3604 1269 3671 quaeri5
1313 3619 1407 3656 vos
1440 3603 1577 3656 enim
1614 3608 1707 3657 cet.
1780 3604 1976 3656 Miiller
2011 3619 2176 3670 ‘neque
2212 3602 2274 3654 in

76 3688 150 3725 ²708
180 3678 458 3744 quaeritur
496 3708 563 3716 —
598 3693 767 3745 neque
799 3676 861 3729 in
898 3674 1202 3739 domanam,
1241 3690 1365 3727 cum
1403 3674 1466 3727 de
1504 3675 1602 3727 hoc
1635 3673 1933 3742 quaeritur.
2094 3675 2145 3739 1)
2185 3672 2273 3725 Sic

75 3742 232 3801 Halm.
276 3748 409 3816 ipsis
445 3747 598 3802 codd.
718 3749 774 3816 2)
811 3745 1047 3800 inveniri
1083 3745 1392 3814 Pluygers:
1431 3744 1670 3798 invenire
1706 3746 1884 3811 vulgo.
2009 3744 2062 3810 3)
2095 3743 2270 3811 Chry-

76 3817 239 3881 soyom·
270 3835 386 3873 unc.
426 3819 553 3873 incl.
589 3818 867 3883 Weidner,
914 3816 1244 3871 Fleckeisen.
1404 3817 1461 3884 4)
1509 3815 1675 3869 latuit
1709 3814 1989 3870 Buechner
2028 3815 2083 3865 et
2117 3811 2270 3865 Mad-

77 3884 174 3951 vig:
221 3889 412 3943 statuit
448 3888 601 3943 codd.
1799 3969 1835 4005 ,κ’
1871 3959 1872 3962 ¹

1743 3980 1778 4035 3
