2669 4354
413 262 495 319 28
1404 273 1623 313 onA'mo

411 450 656 507 voluisse
726 464 993 522 servale,
1060 453 1125 506 ut
1190 448 1297 505 tibi
1367 448 1597 504 omnino
1656 464 1773 504 non
1830 447 2209 519 pepercerim.
2320 445 2463 502 Cum
2521 445 2608 501 hoc

411 553 620 594 vereor
687 541 748 595 et
807 538 974 609 cupio
1034 535 1143 594 tibi
1205 536 1398 608 aliqua
1460 551 1532 591 ex
1575 540 1772 608 parte,
1840 534 1993 606 quod
2040 537 2199 592 salva
2241 532 2354 591 fide
2401 533 2606 605 possim
2645 528 2646 579 ¹

410 642 682 698 parcere,
751 641 947 682 rursus
1001 625 1237 681 immuto
1294 624 1650 680 voluntatem
1710 640 1928 681 meam:
1983 625 2143 681 venit
2200 622 2351 679 enim
2399 621 2578 678 mihi
2565 638 2646 676 111

409 718 666 770 mentem
731 713 848 770 oris
909 713 1006 772 tui
1112 712 1306 781 Tene,
1380 728 1509 768 cum
1572 711 1757 768 ceteri
1819 712 1958 768 socii
2009 712 2094 768 tui
2139 710 2412 782 fugerent
2458 725 2524 767 ac
2563 690 2646 764 se¹

411 801 800 873 occultarent,
847 805 912 857 ut
956 800 1063 857 hoc
1107 799 1383 857 iudicium
1427 816 1541 856 non
1573 798 1645 855 de
1677 799 1901 855 illorum
1931 799 2178 872 praeda,
2224 798 2329 855 sed
2360 797 2435 855 de
2465 797 2609 854 huius

411 887 696 946 maleficio
743 886 871 945 fieri
916 887 1236 960 videretur,
1282 887 1644 958 potissimum
1673 886 1780 943 tibi
1810 892 2007 959 partes
2037 887 2178 944 istas
2208 885 2610 958 depoposcisse,

411 980 476 1032 ut
519 977 580 1032 in
636 975 848 1034 iudicio
894 992 1196 1033 versarere
1243 978 1302 1031 et
1341 973 1577 1032 sederes
1621 991 1753 1031 cum
1779 978 2157 1032 accusatore?
2217 973 2448 1052 Quain
2473 966 2521 1050 1)
2563 988 2610 1028 re

412 1063 556 1121 nihil
619 1063 775 1121 aliud
841 1063 1206 1136 adsequeriS,
1264 1063 1378 1120 nisi
1446 1066 1511 1119 ut
1563 1062 1635 1119 ab
1696 1062 1956 1119 omnibus
2009 1062 2346 1119 mortalibus
2395 1060 2611 1118 audacia

312 1156 389 1212 96
413 1156 513 1208 tua
565 1155 944 1224 cognoscatur
1000 1155 1058 1208 et
1113 1149 1490 1221 impudentia.
1581 1149 1785 1207 Occiso
1832 1148 1960 1207 Sex.
2007 1149 2218 1207 Roscio
2267 1150 2396 1221 quis
2422 1145 2473 1228 2>
2519 1147 2611 1220 pri-

413 1256 537 1296 mus
581 1238 877 1296 Ameriam
923 1240 1195 1297 nuntiat?
1284 1237 1522 1294 Mallius
1569 1237 1838 1310 Glaucia,
1883 1253 2055 1310 quem
2100 1239 2215 1294 iam
2247 1242 2426 1294 antea
2456 1235 2612 1293 nomi-

415 1326 575 1398 navi,
643 1331 776 1383 tuus
845 1327 1024 1383 cliens
1099 1330 1158 1383 et
1216 1324 1535 1382 familiaris.
1628 1324 1778 1395 Quid
1823 1326 2059 1382 attinuit
2104 1322 2234 1382 enm
2279 1325 2612 1396 potissimum

413 1414 718 1486 nuntiare,
774 1414 958 1486 quod,
1021 1414 1069 1470 si
1124 1412 1344 1471 nullum
1404 1414 1519 1470 iam
1566 1418 1703 1471 ante
1752 1413 2050 1470 consilium
2097 1412 2168 1470 de
2214 1417 2402 1470 morte
2450 1429 2519 1469 ac
2560 1411 2611 1468 dc

412 1502 577 1559 bonis
646 1502 771 1558 eius
838 1501 1053 1559 inieras
1113 1502 1445 1573 nullamque
1501 1501 1842 1557 societatem
1901 1517 2090 1572 neque
2147 1500 2386 1558 sceleris
2450 1515 2612 1572 neque

413 1590 659 1662 praemii
727 1605 855 1645 cum
900 1588 1129 1646 homine
1176 1590 1292 1646 ullo
1342 1589 1597 1660 coieraS,
1654 1588 1730 1646 ad
1776 1594 1834 1646 te
1879 1589 2112 1645 minime
2159 1589 2411 1645 omnium
2460 1587 2614 1661 perti-

414 1677 634 1735 nebat?
708 1676 855 1735 ‘Sua
899 1682 1103 1749 sponte
1143 1676 1379 1734 Mallius
1421 1671 1685 1734 nuntiat.'
1761 1676 1940 1750 Quid,
1987 1691 2233 1749 quaes0,
2281 1677 2408 1733 eius
2453 1677 2611 1733 inter-

415 1768 579 1823 erat?
679 1765 799 1838 An,
863 1781 992 1821 cum
1036 1764 1331 1823 Ameriam
1371 1781 1487 1821 non
1532 1763 1770 1822 huiusce
1815 1764 1906 1821 rei
1952 1781 2127 1822 causa
2171 1765 2453 1838 venisset,
2502 1779 2613 1821 casu

414 1853 656 1927 accidit,
711 1857 776 1910 ut
819 1852 907 1926 id,
968 1851 1117 1924 quod
1160 1852 1380 1910 Romae
1428 1850 1721 1925 audierat,
1776 1854 1994 1923 primus
2038 1852 2375 1910 nuntiaret?
2467 1850 2614 1909 Cuius

412 1942 500 1999 rei
567 1957 740 1998 causa
792 1946 1037 1998 venerat
1092 1940 1429 1997 Ameriam?
1535 1939 1690 1995 ‘Non
1737 1935 1994 2011 possum'
2055 1940 2243 2012 inquit
2295 1932 2615 1997 ‘divinare'

412 2029 501 2085 Eo
546 2045 672 2086 rem
716 2030 832 2086 iam
878 2027 1190 2101 adducam,
1234 2033 1298 2085 ut
1343 2027 1484 2084 nihil
1529 2026 1880 2085 divinatione
1912 2044 2054 2099 opus
2091 2029 2181 2085 sit.
2250 2027 2378 2097 Qua
2408 2029 2613 2084 ratione

415 2117 479 2175 T.
515 2108 567 2197 3)
625 2116 836 2174 Roscio
890 2114 1156 2188 Capitoni
1221 2116 1409 2190 primo
1440 2108 1495 2196 4)
1556 2116 1857 2173 nuntiavit.
1972 2114 2112 2172 Cum
2172 2116 2447 2173 Ameriae
2508 2116 2615 2174 Sex.

413 2205 611 2262 Roscii
655 2206 888 2277 domuS,
930 2214 1076 2261 uxor
1125 2204 1411 2276 liberique
1452 2210 1693 2278 essent,
1739 2221 1864 2261 cum
1923 2208 2010 2261 tot
2059 2205 2367 2276 propinqui
2427 2219 2615 2277 cogna-

414 2293 570 2364 tique
640 2294 855 2364 optime
925 2293 1368 2365 convenienteS,
1460 2309 1573 2364 qua
1635 2294 1858 2349 ratione
1926 2291 2140 2349 factum
2213 2297 2330 2365 est,
2401 2298 2468 2349 ut
2524 2293 2614 2349 iste

415 2386 545 2437 tuus
591 2381 801 2453 clienS,
869 2380 1107 2437 sceleris
1146 2381 1231 2438 tui
1271 2380 1538 2453 nuntiuS,
1592 2380 1656 2436 T.
1708 2379 1917 2437 Roscio
1964 2378 2228 2451 Capitoni
2276 2380 2615 2451 potissimum

316 2474 394 2530 97
417 2468 753 2525 nuntiaret?
847 2467 1082 2525 Occisus
1140 2472 1230 2525 est
1282 2484 1318 2524 a
1379 2484 1526 2526 cena
1577 2466 1835 2525 rediens:
1900 2467 2148 2525 nondum
2200 2466 2464 2540 lucebat,
2510 2483 2615 2524 cum

415 2556 687 2614 Ameriae
759 2556 963 2612 scitum
1024 2560 1128 2612 est.
1226 2555 1376 2626 Quid
1435 2556 1530 2612 hic
1587 2553 1944 2611 incredibilis
2006 2571 2236 2629 cursus,
2299 2555 2436 2627 quid
2492 2556 2617 2612 haec

416 2647 582 2701 tanta
627 2643 897 2702 celeritas
950 2642 1360 2715 festinatioque
1415 2641 1744 2716 significat?
1830 2642 1961 2700 Non
2020 2658 2270 2716 quaem,
2334 2644 2461 2715 quis
2504 2660 2618 2716 per-

418 2732 690 2789 cusserit:
749 2731 891 2788 nihil
949 2736 1065 2804 est,
1124 2730 1400 2804 Glaucia,
1465 2729 1616 2802 quod
1670 2735 1925 2804 metuas;
1986 2747 2099 2788 non
2165 2731 2393 2788 excutio
2440 2737 2529 2804 te,
2582 2728 2618 2784 si

416 2818 554 2891 quid
617 2818 769 2877 forte
837 2817 979 2876 ferri
1045 2818 1327 2891 habuisti,
1400 2835 1513 2876 non
1575 2824 1825 2891 scrutor3
1895 2819 2038 2876 nihil
2104 2818 2177 2875 ad
2241 2835 2334 2876 me
2391 2819 2619 2876 arbitror

414 2908 728 2978 pertinere.
829 2906 1138 2984 Quoniam,
1204 2906 1365 2963 cuius
1426 2906 1666 2963 consilio
1724 2907 1947 2964 occisus
1993 2907 2094 2979 sit,
2146 2907 2406 2979 inveni0,
2479 2907 2619 2963 cuius

416 3011 588 3052 manu
640 2995 716 3052 sit
765 3011 1101 3068 percussus,
1167 3011 1282 3051 non
1338 2993 1555 3051 laboro.
1621 2993 1812 3051 Unum
1868 2994 1976 3051 hoc
2029 3010 2189 3050 sumo
2211 3039 2226 3067 ,
2294 2995 2445 3066 quod
2498 2991 2619 3051 mihi

416 3088 680 3154 apertum
725 3088 883 3140 tuum
921 3082 1106 3140 scelus
1152 3098 1363 3153 resque
1394 3080 1702 3139 manifesta
1731 3081 1863 3139 dat:
1934 3082 2033 3139 ubi
2079 3087 2180 3139 aut
2225 3080 2376 3139 unde
2424 3080 2620 3139 audivit

416 3169 700 3227 Glaucia?
775 3171 871 3242 qui
941 3174 1061 3227 tam
1116 3170 1231 3227 cito
1292 3170 1492 3227 scivit?
1580 3169 1703 3226 Fac
1752 3169 1981 3227 audisse
2047 3170 2272 3241 statim3
2334 3186 2488 3241 quae
2542 3183 2622 3225 res

417 3273 549 3314 eum
593 3263 762 3315 nocte
802 3273 919 3314 una
964 3261 1187 3315 tantum
1230 3257 1457 3315 itineris
1503 3257 1853 3315 contendere
1886 3258 2112 3329 coegit?
2172 3273 2319 3329 quae
2385 3256 2621 3315 necessi-

416 3351 505 3402 tas
572 3362 703 3403 eum
780 3350 944 3403 tanta
1024 3345 1360 3418 premebat,
1423 3350 1523 3419 ut,
1591 3345 1640 3400 si
1709 3362 1813 3403 sua
1879 3349 2082 3417 sponte
2157 3346 2272 3403 iter
2343 3345 2622 3404 Ameriam

417 3432 667 3505 faceret,
714 3432 775 3489 id
820 3434 1097 3507 temporis
1142 3432 1325 3491 Roma
1369 3430 1863 3506 proficisceretur,
1924 3433 2138 3491 nullam
2181 3437 2410 3505 partem
2457 3431 2623 3493 noctis

419 3521 855 3593 requiesceret?

597 3823 650 3890 1)
685 3839 795 3890 qua
833 3827 895 3874 tu
934 3838 994 3873 re
1030 3821 1166 3875 coni.
1204 3819 1438 3873 Ernesti.
1583 3821 1636 3886 2)
1673 3820 1796 3887 quis
1831 3821 2030 3880 Halm,
2068 3819 2218 3873 codd.
2257 3819 2368 3886 qui.
2493 3823 2544 3889 3)
2575 3816 2623 3868 T.

417 3893 539 3948 add.
576 3893 814 3946 Richter.
957 3893 1012 3960 4)
1037 3891 1223 3958 primo
1263 3890 1559 3944 Buechner.
1616 3890 1864 3957 primum
1901 3889 2047 3944 codd.
