<?xml version="1.0" encoding="UTF-8"?>
<!DOCTYPE html PUBLIC "-//W3C//DTD XHTML 1.0 Transitional//EN"
    "http://www.w3.org/TR/xhtml1/DTD/xhtml1-transitional.dtd">
<html xmlns="http://www.w3.org/1999/xhtml" xml:lang="en" lang="en">
 <head>
  <title>
</title>
<meta http-equiv="Content-Type" content="text/html;charset=utf-8" />
  <meta name='ocr-system' content='tesseract 3.04.00' />
  <meta name='ocr-capabilities' content='ocr_page ocr_carea ocr_par ocr_line ocrx_word'/>
</head>
<body>
  <div class='ocr_page' id='page_1' title='image "./orationesselect02cicegoog_0370.png"; bbox 0 0 2669 4354; ppageno 0'>
   <div class='ocr_carea' id='block_1_1' title="bbox 261 1147 382 1205">
    <p class='ocr_par' dir='ltr' id='par_1_1' title="bbox 261 1147 382 1205">
     <span class='ocr_line' id='line_1_1' title="bbox 261 1147 382 1205; baseline 0.017 -2"><span class='ocrx_word' id='word_1_1' title='bbox 261 1147 382 1205; x_wconf 86' lang='lat'>149</span> 
     </span>
    </p>
   </div>
   <div class='ocr_carea' id='block_1_2' title="bbox 299 2456 382 2523">
    <p class='ocr_par' dir='ltr' id='par_1_2' title="bbox 299 2456 382 2523">
     <span class='ocr_line' id='line_1_2' title="bbox 299 2456 382 2523; baseline 0 0"><span class='ocrx_word' id='word_1_2' title='bbox 299 2456 382 2523; x_wconf 77' lang='lat'>67</span> 
     </span>
    </p>
   </div>
   <div class='ocr_carea' id='block_1_3' title="bbox 404 257 1852 314">
    <p class='ocr_par' dir='ltr' id='par_1_3' title="bbox 404 257 1852 314">
     <span class='ocr_line' id='line_1_3' title="bbox 404 257 1852 314; baseline -0.004 0"><span class='ocrx_word' id='word_1_3' title='bbox 404 257 530 314; x_wconf 85' lang='lat'>354</span> <span class='ocrx_word' id='word_1_4' title='bbox 1163 269 1445 309; x_wconf 79' lang='lat' dir='ltr'>ACCVSAT.</span> <span class='ocrx_word' id='word_1_5' title='bbox 1490 271 1558 309; x_wconf 80' lang='lat' dir='ltr'>IN</span> <span class='ocrx_word' id='word_1_6' title='bbox 1602 271 1852 309; x_wconf 77' lang='lat' dir='ltr'><strong>VERREM</strong></span> 
     </span>
    </p>
   </div>
   <div class='ocr_carea' id='block_1_4' title="bbox 403 339 2361 350">
    <p class='ocr_par' dir='ltr' id='par_1_4' title="bbox 403 339 2361 350">
     <span class='ocr_line' id='line_1_4' title="bbox 403 339 2361 350; baseline -0.001 -2"><span class='ocrx_word' id='word_1_7' title='bbox 403 344 550 350; x_wconf 24' lang='lat' dir='ltr'>-A-ss-„q</span> <span class='ocrx_word' id='word_1_8' title='bbox 576 339 2361 347; x_wconf 58' lang='lat' dir='ltr'>m</span> 
     </span>
    </p>
   </div>
   <div class='ocr_carea' id='block_1_5' title="bbox 2365 337 2592 347">
    <p class='ocr_par' dir='ltr' id='par_1_5' title="bbox 2365 337 2592 347">
     <span class='ocr_line' id='line_1_5' title="bbox 2365 337 2592 347; baseline 0 4007"><span class='ocrx_word' id='word_1_9' title='bbox 2365 337 2592 347; x_wconf 95' lang='lat' dir='ltr'> </span> 
     </span>
    </p>
   </div>
   <div class='ocr_carea' id='block_1_6' title="bbox 400 444 2655 2552">
    <p class='ocr_par' dir='ltr' id='par_1_6' title="bbox 400 444 2655 2552">
     <span class='ocr_line' id='line_1_6' title="bbox 400 444 2655 520; baseline -0.002 -14"><span class='ocrx_word' id='word_1_10' title='bbox 400 448 557 506; x_wconf 91' lang='lat' dir='ltr'>Ecce</span> <span class='ocrx_word' id='word_1_11' title='bbox 613 452 815 506; x_wconf 88' lang='lat' dir='ltr'>autem</span> <span class='ocrx_word' id='word_1_12' title='bbox 877 462 1025 505; x_wconf 89' lang='lat' dir='ltr'>nova</span> <span class='ocrx_word' id='word_1_13' title='bbox 1083 446 1255 504; x_wconf 89' lang='lat' dir='ltr'>turba</span> <span class='ocrx_word' id='word_1_14' title='bbox 1304 450 1479 518; x_wconf 88' lang='lat' dir='ltr'>atque</span> <span class='ocrx_word' id='word_1_15' title='bbox 1537 446 1693 520; x_wconf 88' lang='lat' dir='ltr'>rixa,</span> <span class='ocrx_word' id='word_1_16' title='bbox 1760 461 1836 503; x_wconf 92' lang='lat' dir='ltr'>ne</span> <span class='ocrx_word' id='word_1_17' title='bbox 1896 450 2092 504; x_wconf 86' lang='lat' dir='ltr'>tamen</span> <span class='ocrx_word' id='word_1_18' title='bbox 2156 446 2331 504; x_wconf 90' lang='lat' dir='ltr'>istum</span> <span class='ocrx_word' id='word_1_19' title='bbox 2391 444 2597 504; x_wconf 90' lang='lat' dir='ltr'>omnino</span> <span class='ocrx_word' id='word_1_20' title='bbox 2654 454 2655 503; x_wconf 65' lang='grc' dir='ltr'>Ξ</span> 
     </span>
     <span class='ocr_line' id='line_1_7' title="bbox 403 532 2655 609; baseline -0.003 -13"><span class='ocrx_word' id='word_1_21' title='bbox 403 536 702 609; x_wconf 83' lang='lat' dir='ltr'><strong>Syracusis</strong></span> <span class='ocrx_word' id='word_1_22' title='bbox 762 535 886 594; x_wconf 89' lang='lat' dir='ltr'>sine</span> <span class='ocrx_word' id='word_1_23' title='bbox 946 535 1171 608; x_wconf 78' lang='lat' dir='ltr'>amiciS,</span> <span class='ocrx_word' id='word_1_24' title='bbox 1257 534 1383 592; x_wconf 89' lang='lat' dir='ltr'>sine</span> <span class='ocrx_word' id='word_1_25' title='bbox 1441 534 1764 608; x_wconf 83' lang='lat' dir='ltr'>hospitibus</span> <span class='ocrx_word' id='word_1_26' title='bbox 1782 578 1798 608; x_wconf 96' lang='lat'>,</span> <span class='ocrx_word' id='word_1_27' title='bbox 1861 535 2033 607; x_wconf 90' lang='lat' dir='ltr'>plane</span> <span class='ocrx_word' id='word_1_28' title='bbox 2086 532 2301 592; x_wconf 92' lang='lat' dir='ltr'>nudum</span> <span class='ocrx_word' id='word_1_29' title='bbox 2363 550 2492 593; x_wconf 89' lang='lat' dir='ltr'>esse</span> <span class='ocrx_word' id='word_1_30' title='bbox 2539 549 2598 591; x_wconf 85' lang='lat' dir='ltr'>ac</span> <span class='ocrx_word' id='word_1_31' title='bbox 2654 552 2655 585; x_wconf 74' lang='lat'>1</span> 
     </span>
     <span class='ocr_line' id='line_1_8' title="bbox 404 621 2655 695; baseline -0.002 -13"><span class='ocrx_word' id='word_1_32' title='bbox 404 624 699 682; x_wconf 88' lang='lat' dir='ltr'>desertum</span> <span class='ocrx_word' id='word_1_33' title='bbox 759 623 990 695; x_wconf 82' lang='lat' dir='ltr'>putetis.</span> <span class='ocrx_word' id='word_1_34' title='bbox 1101 622 1383 681; x_wconf 82' lang='lat' dir='ltr'>Retinere</span> <span class='ocrx_word' id='word_1_35' title='bbox 1450 622 1656 694; x_wconf 86' lang='lat' dir='ltr'>incipit</span> <span class='ocrx_word' id='word_1_36' title='bbox 1721 621 1951 680; x_wconf 89' lang='lat' dir='ltr'>tabulas</span> <span class='ocrx_word' id='word_1_37' title='bbox 2011 622 2439 681; x_wconf 84' lang='lat' dir='ltr'>Theomnastus</span> <span class='ocrx_word' id='word_1_38' title='bbox 2495 621 2598 694; x_wconf 89' lang='lat' dir='ltr'>qui·</span> <span class='ocrx_word' id='word_1_39' title='bbox 2654 632 2655 691; x_wconf 51' lang='grc' dir='ltr'>ι</span> 
     </span>
     <span class='ocr_line' id='line_1_9' title="bbox 405 708 2597 784; baseline -0.002 -14"><span class='ocrx_word' id='word_1_40' title='bbox 405 711 563 784; x_wconf 83' lang='grc'><strong>(13111,</strong></span> <span class='ocrx_word' id='word_1_41' title='bbox 647 711 815 770; x_wconf 84' lang='grc'><strong>1101110</strong></span> <span class='ocrx_word' id='word_1_42' title='bbox 889 710 1133 769; x_wconf 82' lang='lat' dir='ltr'>ridicule</span> <span class='ocrx_word' id='word_1_43' title='bbox 1211 710 1478 783; x_wconf 90' lang='lat' dir='ltr'>insanus,</span> <span class='ocrx_word' id='word_1_44' title='bbox 1566 725 1738 782; x_wconf 89' lang='lat' dir='ltr'>quem</span> <span class='ocrx_word' id='word_1_45' title='bbox 1806 708 2154 783; x_wconf 81' lang='lat' dir='ltr'>Syracusani</span> <span class='ocrx_word' id='word_1_46' title='bbox 2229 710 2597 769; x_wconf 81' lang='lat' dir='ltr'>Theoractum</span> 
     </span>
     <span class='ocr_line' id='line_1_10' title="bbox 401 796 2655 877; baseline -0.002 -19"><span class='ocrx_word' id='word_1_47' title='bbox 401 803 639 873; x_wconf 80' lang='lat' dir='ltr'>vocant3</span> <span class='ocrx_word' id='word_1_48' title='bbox 709 800 810 871; x_wconf 90' lang='lat' dir='ltr'>qui</span> <span class='ocrx_word' id='word_1_49' title='bbox 857 799 977 856; x_wconf 90' lang='lat' dir='ltr'>illic</span> <span class='ocrx_word' id='word_1_50' title='bbox 1043 796 1169 855; x_wconf 90' lang='lat' dir='ltr'>eius</span> <span class='ocrx_word' id='word_1_51' title='bbox 1223 797 1377 855; x_wconf 90' lang='lat' dir='ltr'>modi</span> <span class='ocrx_word' id='word_1_52' title='bbox 1428 803 1544 871; x_wconf 88' lang='lat' dir='ltr'>est,</span> <span class='ocrx_word' id='word_1_53' title='bbox 1618 803 1683 856; x_wconf 92' lang='lat' dir='ltr'>ut</span> <span class='ocrx_word' id='word_1_54' title='bbox 1742 815 1878 856; x_wconf 91' lang='lat' dir='ltr'>eum</span> <span class='ocrx_word' id='word_1_55' title='bbox 1931 798 2103 870; x_wconf 91' lang='lat' dir='ltr'>pueri</span> <span class='ocrx_word' id='word_1_56' title='bbox 2153 802 2486 874; x_wconf 85' lang='lat' dir='ltr'>sectentur,</span> <span class='ocrx_word' id='word_1_57' title='bbox 2548 802 2599 855; x_wconf 87' lang='lat' dir='ltr'>ut</span> <span class='ocrx_word' id='word_1_58' title='bbox 2654 874 2655 877; x_wconf 8' lang='grc' dir='ltr'><strong>Ἴ</strong></span> 
     </span>
     <span class='ocr_line' id='line_1_11' title="bbox 401 884 2655 965; baseline -0.001 -19"><span class='ocrx_word' id='word_1_59' title='bbox 401 904 628 960; x_wconf 81' lang='lat' dir='ltr'>omneS,</span> <span class='ocrx_word' id='word_1_60' title='bbox 672 903 802 945; x_wconf 93' lang='lat' dir='ltr'>cum</span> <span class='ocrx_word' id='word_1_61' title='bbox 847 886 1004 959; x_wconf 91' lang='lat' dir='ltr'>loqui</span> <span class='ocrx_word' id='word_1_62' title='bbox 1044 887 1269 958; x_wconf 90' lang='lat' dir='ltr'>coepit,</span> <span class='ocrx_word' id='word_1_63' title='bbox 1314 884 1626 944; x_wconf 88' lang='lat' dir='ltr'>inrideant.</span> <span class='ocrx_word' id='word_1_64' title='bbox 1694 885 1883 943; x_wconf 92' lang='lat' dir='ltr'>Huius</span> <span class='ocrx_word' id='word_1_65' title='bbox 1918 891 2124 945; x_wconf 90' lang='lat' dir='ltr'>-tamen</span> <span class='ocrx_word' id='word_1_66' title='bbox 2159 887 2422 961; x_wconf 88' lang='lat' dir='ltr'>insania,</span> <span class='ocrx_word' id='word_1_67' title='bbox 2473 899 2595 960; x_wconf 87' lang='lat' dir='ltr'>quae</span> <span class='ocrx_word' id='word_1_68' title='bbox 2654 962 2655 965; x_wconf 8' lang='grc' dir='ltr'><strong>Ἴ</strong></span> 
     </span>
     <span class='ocr_line' id='line_1_12' title="bbox 401 971 2655 1048; baseline -0 -15"><span class='ocrx_word' id='word_1_69' title='bbox 401 975 647 1033; x_wconf 89' lang='lat' dir='ltr'>ridicula</span> <span class='ocrx_word' id='word_1_70' title='bbox 693 980 781 1033; x_wconf 90' lang='lat' dir='ltr'>est</span> <span class='ocrx_word' id='word_1_71' title='bbox 825 975 984 1048; x_wconf 83' lang='lat' dir='ltr'>aliis,</span> <span class='ocrx_word' id='word_1_72' title='bbox 1033 974 1175 1031; x_wconf 93' lang='lat' dir='ltr'>mihi</span> <span class='ocrx_word' id='word_1_73' title='bbox 1227 978 1349 1031; x_wconf 90' lang='lat' dir='ltr'>tum</span> <span class='ocrx_word' id='word_1_74' title='bbox 1405 974 1651 1038; x_wconf 85' lang='lat' dir='ltr'>molesta</span> <span class='ocrx_word' id='word_1_75' title='bbox 1708 989 1848 1032; x_wconf 91' lang='lat' dir='ltr'>sane</span> <span class='ocrx_word' id='word_1_76' title='bbox 1893 971 2036 1046; x_wconf 78' lang='lat' dir='ltr'>fuit3</span> <span class='ocrx_word' id='word_1_77' title='bbox 2102 991 2237 1033; x_wconf 90' lang='lat' dir='ltr'>nam</span> <span class='ocrx_word' id='word_1_78' title='bbox 2292 991 2425 1033; x_wconf 93' lang='lat' dir='ltr'>cum</span> <span class='ocrx_word' id='word_1_79' title='bbox 2486 992 2596 1047; x_wconf 85' lang='lat' dir='ltr'>spu·</span> <span class='ocrx_word' id='word_1_80' title='bbox 2654 1000 2655 1005; x_wconf 42' lang='lat'>¹</span> 
     </span>
     <span class='ocr_line' id='line_1_13' title="bbox 403 1061 2597 1135; baseline -0 -16"><span class='ocrx_word' id='word_1_81' title='bbox 403 1079 526 1121; x_wconf 88' lang='lat' dir='ltr'>mas</span> <span class='ocrx_word' id='word_1_82' title='bbox 571 1067 775 1135; x_wconf 85' lang='lat' dir='ltr'>ageret</span> <span class='ocrx_word' id='word_1_83' title='bbox 827 1062 890 1120; x_wconf 92' lang='lat' dir='ltr'>in</span> <span class='ocrx_word' id='word_1_84' title='bbox 935 1079 1065 1135; x_wconf 91' lang='lat' dir='ltr'>ore,</span> <span class='ocrx_word' id='word_1_85' title='bbox 1126 1061 1306 1119; x_wconf 91' lang='lat' dir='ltr'>oculis</span> <span class='ocrx_word' id='word_1_86' title='bbox 1367 1061 1633 1135; x_wconf 88' lang='lat' dir='ltr'>arderet,</span> <span class='ocrx_word' id='word_1_87' title='bbox 1690 1077 1831 1121; x_wconf 85' lang='lat' dir='ltr'>voce</span> <span class='ocrx_word' id='word_1_88' title='bbox 1893 1062 2144 1120; x_wconf 86' lang='lat' dir='ltr'>maxima</span> <span class='ocrx_word' id='word_1_89' title='bbox 2186 1063 2301 1121; x_wconf 87' lang='lat' dir='ltr'>vim</span> <span class='ocrx_word' id='word_1_90' title='bbox 2356 1080 2451 1122; x_wconf 92' lang='lat' dir='ltr'>me</span> <span class='ocrx_word' id='word_1_91' title='bbox 2507 1062 2597 1120; x_wconf 86' lang='lat' dir='ltr'>sibi</span> 
     </span>
     <span class='ocr_line' id='line_1_14' title="bbox 404 1149 2655 1231; baseline -0 -22"><span class='ocrx_word' id='word_1_92' title='bbox 404 1151 637 1210; x_wconf 88' lang='lat' dir='ltr'>adferre</span> <span class='ocrx_word' id='word_1_93' title='bbox 681 1151 989 1223; x_wconf 88' lang='lat' dir='ltr'>clamaret,</span> <span class='ocrx_word' id='word_1_94' title='bbox 1050 1149 1303 1222; x_wconf 89' lang='lat' dir='ltr'>copulati</span> <span class='ocrx_word' id='word_1_95' title='bbox 1348 1150 1411 1207; x_wconf 91' lang='lat' dir='ltr'>in</span> <span class='ocrx_word' id='word_1_96' title='bbox 1471 1150 1560 1207; x_wconf 91' lang='lat' dir='ltr'>ius</span> <span class='ocrx_word' id='word_1_97' title='bbox 1600 1150 1987 1231; x_wconf 73' lang='lat' dir='ltr'>pervenimus</span> <span class='ocrx_word' id='word_1_98' title='bbox 2046 1174 2049 1175; x_wconf 40' lang='lat'><em>⁷</em></span> <span class='ocrx_word' id='word_1_99' title='bbox 2093 1151 2219 1215; x_wconf 77' lang='lat' dir='ltr'>Hic</span> <span class='ocrx_word' id='word_1_100' title='bbox 2263 1167 2371 1225; x_wconf 91' lang='lat' dir='ltr'>ego</span> <span class='ocrx_word' id='word_1_101' title='bbox 2406 1156 2598 1224; x_wconf 86' lang='lat' dir='ltr'>-postu-</span> <span class='ocrx_word' id='word_1_102' title='bbox 2654 1216 2655 1231; x_wconf 12' lang='grc' dir='ltr'>χ</span> 
     </span>
     <span class='ocr_line' id='line_1_15' title="bbox 403 1236 2597 1315; baseline -0 -19"><span class='ocrx_word' id='word_1_103' title='bbox 403 1240 527 1297; x_wconf 86' lang='lat' dir='ltr'>lare</span> <span class='ocrx_word' id='word_1_104' title='bbox 575 1238 772 1312; x_wconf 91' lang='lat' dir='ltr'>coepi,</span> <span class='ocrx_word' id='word_1_105' title='bbox 822 1242 890 1295; x_wconf 88' lang='lat' dir='ltr'>ut</span> <span class='ocrx_word' id='word_1_106' title='bbox 939 1237 1082 1295; x_wconf 88' lang='lat' dir='ltr'>mihi</span> <span class='ocrx_word' id='word_1_107' title='bbox 1126 1236 1356 1295; x_wconf 89' lang='lat' dir='ltr'>tabulas</span> <span class='ocrx_word' id='word_1_108' title='bbox 1401 1236 1708 1309; x_wconf 85' lang='lat' dir='ltr'>obsignare</span> <span class='ocrx_word' id='word_1_109' title='bbox 1755 1254 1824 1295; x_wconf 90' lang='lat' dir='ltr'>ac</span> <span class='ocrx_word' id='word_1_110' title='bbox 1869 1237 2180 1315; x_wconf 77' lang='lat' dir='ltr'>deportare</span> <span class='ocrx_word' id='word_1_111' title='bbox 2224 1239 2459 1298; x_wconf 89' lang='lat' dir='ltr'>liceret:</span> <span class='ocrx_word' id='word_1_112' title='bbox 2515 1240 2597 1296; x_wconf 87' lang='lat' dir='ltr'>ille</span> 
     </span>
     <span class='ocr_line' id='line_1_16' title="bbox 404 1325 2655 1401; baseline -0.001 -17"><span class='ocrx_word' id='word_1_113' title='bbox 404 1331 604 1384; x_wconf 89' lang='lat' dir='ltr'>contra</span> <span class='ocrx_word' id='word_1_114' title='bbox 670 1325 894 1399; x_wconf 86' lang='lat' dir='ltr'>dicere,</span> <span class='ocrx_word' id='word_1_115' title='bbox 967 1341 1185 1399; x_wconf 86' lang='lat' dir='ltr'>negare</span> <span class='ocrx_word' id='word_1_116' title='bbox 1252 1341 1383 1384; x_wconf 90' lang='lat' dir='ltr'>esse</span> <span class='ocrx_word' id='word_1_117' title='bbox 1444 1325 1589 1383; x_wconf 91' lang='lat' dir='ltr'>illud</span> <span class='ocrx_word' id='word_1_118' title='bbox 1648 1330 1884 1384; x_wconf 86' lang='lat' dir='ltr'>senatus</span> <span class='ocrx_word' id='word_1_119' title='bbox 1949 1327 2296 1401; x_wconf 83' lang='lat' dir='ltr'>consultum,</span> <span class='ocrx_word' id='word_1_120' title='bbox 2375 1329 2439 1385; x_wconf 90' lang='lat' dir='ltr'>in</span> <span class='ocrx_word' id='word_1_121' title='bbox 2505 1341 2598 1399; x_wconf 91' lang='lat' dir='ltr'>quo</span> <span class='ocrx_word' id='word_1_122' title='bbox 2654 1358 2655 1401; x_wconf 25' lang='grc' dir='ltr'><strong><em>ᾗ</em></strong></span> 
     </span>
     <span class='ocr_line' id='line_1_17' title="bbox 401 1406 2655 1487; baseline 0 -17"><span class='ocrx_word' id='word_1_123' title='bbox 401 1418 640 1487; x_wconf 91' lang='lat' dir='ltr'>praetor</span> <span class='ocrx_word' id='word_1_124' title='bbox 684 1413 1005 1487; x_wconf 86' lang='lat' dir='ltr'>appellatus</span> <span class='ocrx_word' id='word_1_125' title='bbox 1064 1416 1252 1486; x_wconf 67' lang='lat' dir='ltr'>esset,</span> <span class='ocrx_word' id='word_1_126' title='bbox 1311 1427 1530 1486; x_wconf 86' lang='lat' dir='ltr'>negare</span> <span class='ocrx_word' id='word_1_127' title='bbox 1584 1412 1646 1470; x_wconf 91' lang='lat' dir='ltr'>id</span> <span class='ocrx_word' id='word_1_128' title='bbox 1698 1413 1839 1471; x_wconf 91' lang='lat' dir='ltr'>mihi</span> <span class='ocrx_word' id='word_1_129' title='bbox 1894 1413 2047 1471; x_wconf 85' lang='lat' dir='ltr'>tradi</span> <span class='ocrx_word' id='word_1_130' title='bbox 2098 1419 2384 1487; x_wconf 87' lang='lat' dir='ltr'>oportere.</span> <span class='ocrx_word' id='word_1_131' title='bbox 2490 1414 2598 1487; x_wconf 86' lang='lat' dir='ltr'>Ego</span> <span class='ocrx_word' id='word_1_132' title='bbox 2654 1406 2655 1435; x_wconf 19' lang='grc' dir='ltr'>ἒ</span> 
     </span>
     <span class='ocr_line' id='line_1_18' title="bbox 401 1499 2598 1576; baseline 0 -16"><span class='ocrx_word' id='word_1_133' title='bbox 401 1504 596 1574; x_wconf 88' lang='lat' dir='ltr'>legem</span> <span class='ocrx_word' id='word_1_134' title='bbox 637 1501 890 1560; x_wconf 89' lang='lat' dir='ltr'>recitare</span> <span class='ocrx_word' id='word_1_135' title='bbox 906 1546 922 1576; x_wconf 96' lang='lat'>,</span> <span class='ocrx_word' id='word_1_136' title='bbox 964 1501 1215 1559; x_wconf 89' lang='lat' dir='ltr'>omnium</span> <span class='ocrx_word' id='word_1_137' title='bbox 1257 1500 1399 1557; x_wconf 91' lang='lat' dir='ltr'>mihi</span> <span class='ocrx_word' id='word_1_138' title='bbox 1439 1501 1769 1559; x_wconf 87' lang='lat' dir='ltr'>tabularum</span> <span class='ocrx_word' id='word_1_139' title='bbox 1799 1506 1862 1559; x_wconf 92' lang='lat' dir='ltr'>et</span> <span class='ocrx_word' id='word_1_140' title='bbox 1904 1502 2232 1560; x_wconf 88' lang='lat' dir='ltr'>litterarum</span> <span class='ocrx_word' id='word_1_141' title='bbox 2278 1499 2407 1560; x_wconf 91' lang='lat' dir='ltr'>fieri</span> <span class='ocrx_word' id='word_1_142' title='bbox 2454 1508 2598 1576; x_wconf 91' lang='lat' dir='ltr'>pote·</span> 
     </span>
     <span class='ocr_line' id='line_1_19' title="bbox 404 1582 2596 1667; baseline -0.001 -18"><span class='ocrx_word' id='word_1_143' title='bbox 404 1595 616 1649; x_wconf 90' lang='lat' dir='ltr'>statem</span> <span class='ocrx_word' id='word_1_144' title='bbox 655 1595 923 1662; x_wconf 87' lang='lat' dir='ltr'>oportere</span> <span class='ocrx_word' id='word_1_145' title='bbox 950 1582 1030 1667; x_wconf 87' lang='lat'>¹):</span> <span class='ocrx_word' id='word_1_146' title='bbox 1079 1588 1181 1646; x_wconf 93' lang='lat' dir='ltr'>ille</span> <span class='ocrx_word' id='word_1_147' title='bbox 1221 1587 1472 1646; x_wconf 83' lang='lat' dir='ltr'>furiosus</span> <span class='ocrx_word' id='word_1_148' title='bbox 1503 1605 1747 1663; x_wconf 90' lang='lat' dir='ltr'>urgere,</span> <span class='ocrx_word' id='word_1_149' title='bbox 1787 1589 1931 1647; x_wconf 90' lang='lat' dir='ltr'>nihil</span> <span class='ocrx_word' id='word_1_150' title='bbox 1977 1589 2051 1647; x_wconf 89' lang='lat' dir='ltr'>ad</span> <span class='ocrx_word' id='word_1_151' title='bbox 2094 1606 2157 1647; x_wconf 90' lang='lat' dir='ltr'>se</span> <span class='ocrx_word' id='word_1_152' title='bbox 2197 1596 2427 1650; x_wconf 90' lang='lat' dir='ltr'>nostras</span> <span class='ocrx_word' id='word_1_153' title='bbox 2457 1592 2596 1664; x_wconf 88' lang='lat' dir='ltr'>leges</span> 
     </span>
     <span class='ocr_line' id='line_1_20' title="bbox 401 1676 2598 1752; baseline -0.001 -16"><span class='ocrx_word' id='word_1_154' title='bbox 401 1679 721 1752; x_wconf 90' lang='lat' dir='ltr'>pertinere.</span> <span class='ocrx_word' id='word_1_155' title='bbox 819 1676 1069 1735; x_wconf 87' lang='lat' dir='ltr'>Praetor</span> <span class='ocrx_word' id='word_1_156' title='bbox 1111 1677 1462 1749; x_wconf 87' lang='lat' dir='ltr'>intellegens</span> <span class='ocrx_word' id='word_1_157' title='bbox 1489 1693 1705 1750; x_wconf 89' lang='lat' dir='ltr'>negare</span> <span class='ocrx_word' id='word_1_158' title='bbox 1752 1677 1863 1735; x_wconf 90' lang='lat' dir='ltr'>sibi</span> <span class='ocrx_word' id='word_1_159' title='bbox 1905 1678 2160 1751; x_wconf 88' lang='lat' dir='ltr'>placere,</span> <span class='ocrx_word' id='word_1_160' title='bbox 2199 1679 2356 1751; x_wconf 93' lang='lat' dir='ltr'>quod</span> <span class='ocrx_word' id='word_1_161' title='bbox 2385 1686 2598 1738; x_wconf 88' lang='lat' dir='ltr'>senatus</span> 
     </span>
     <span class='ocr_line' id='line_1_21' title="bbox 405 1765 2598 1840; baseline -0 -16"><span class='ocrx_word' id='word_1_162' title='bbox 405 1766 726 1824; x_wconf 89' lang='lat' dir='ltr'>consultum</span> <span class='ocrx_word' id='word_1_163' title='bbox 777 1770 970 1824; x_wconf 88' lang='lat' dir='ltr'>ratum</span> <span class='ocrx_word' id='word_1_164' title='bbox 1027 1779 1155 1822; x_wconf 89' lang='lat' dir='ltr'>esse</span> <span class='ocrx_word' id='word_1_165' title='bbox 1208 1781 1322 1822; x_wconf 92' lang='lat' dir='ltr'>non</span> <span class='ocrx_word' id='word_1_166' title='bbox 1385 1765 1662 1838; x_wconf 90' lang='lat' dir='ltr'>deberet,</span> <span class='ocrx_word' id='word_1_167' title='bbox 1724 1765 1784 1823; x_wconf 95' lang='lat' dir='ltr'>id</span> <span class='ocrx_word' id='word_1_168' title='bbox 1843 1782 1936 1823; x_wconf 92' lang='lat' dir='ltr'>me</span> <span class='ocrx_word' id='word_1_169' title='bbox 1991 1765 2233 1824; x_wconf 89' lang='lat' dir='ltr'>Romam</span> <span class='ocrx_word' id='word_1_170' title='bbox 2292 1767 2598 1840; x_wconf 88' lang='lat' dir='ltr'>deportare.</span> 
     </span>
     <span class='ocr_line' id='line_1_22' title="bbox 406 1852 2596 1928; baseline 0.001 -17"><span class='ocrx_word' id='word_1_171' title='bbox 406 1854 556 1925; x_wconf 83' lang='lat' dir='ltr'>Quid</span> <span class='ocrx_word' id='word_1_172' title='bbox 600 1854 818 1912; x_wconf 83' lang='lat' dir='ltr'>multa?</span> <span class='ocrx_word' id='word_1_173' title='bbox 871 1853 983 1910; x_wconf 87' lang='lat' dir='ltr'>nisi</span> <span class='ocrx_word' id='word_1_174' title='bbox 1029 1852 1427 1911; x_wconf 89' lang='lat' dir='ltr'>vehementius</span> <span class='ocrx_word' id='word_1_175' title='bbox 1472 1853 1689 1910; x_wconf 89' lang='lat' dir='ltr'>homini</span> <span class='ocrx_word' id='word_1_176' title='bbox 1733 1853 1983 1910; x_wconf 89' lang='lat' dir='ltr'>minatus</span> <span class='ocrx_word' id='word_1_177' title='bbox 2031 1869 2245 1928; x_wconf 90' lang='lat' dir='ltr'>essem,</span> <span class='ocrx_word' id='word_1_178' title='bbox 2304 1856 2415 1913; x_wconf 86' lang='lat' dir='ltr'>nisi</span> <span class='ocrx_word' id='word_1_179' title='bbox 2470 1856 2596 1928; x_wconf 86' lang='lat' dir='ltr'>legis</span> 
     </span>
     <span class='ocr_line' id='line_1_23' title="bbox 405 1940 2599 2015; baseline 0 -16"><span class='ocrx_word' id='word_1_180' title='bbox 405 1943 763 2000; x_wconf 87' lang='lat' dir='ltr'>sanctionem</span> <span class='ocrx_word' id='word_1_181' title='bbox 805 1956 1167 2015; x_wconf 84' lang='lat' dir='ltr'>poenamque</span> <span class='ocrx_word' id='word_1_182' title='bbox 1212 1941 1548 1999; x_wconf 86' lang='lat' dir='ltr'>recitassem</span> <span class='ocrx_word' id='word_1_183' title='bbox 1566 1985 1582 2015; x_wconf 95' lang='lat'>,</span> <span class='ocrx_word' id='word_1_184' title='bbox 1617 1940 1941 1999; x_wconf 89' lang='lat' dir='ltr'>tabularum</span> <span class='ocrx_word' id='word_1_185' title='bbox 1980 1941 2119 1999; x_wconf 89' lang='lat' dir='ltr'>mihi</span> <span class='ocrx_word' id='word_1_186' title='bbox 2160 1947 2417 2014; x_wconf 89' lang='lat' dir='ltr'>potestas</span> <span class='ocrx_word' id='word_1_187' title='bbox 2459 1943 2599 2000; x_wconf 85' lang='lat' dir='ltr'>facta</span> 
     </span>
     <span class='ocr_line' id='line_1_24' title="bbox 400 2029 2595 2103; baseline 0 -16"><span class='ocrx_word' id='word_1_188' title='bbox 400 2047 517 2088; x_wconf 90' lang='lat' dir='ltr'>non</span> <span class='ocrx_word' id='word_1_189' title='bbox 576 2035 747 2088; x_wconf 85' lang='lat' dir='ltr'>esset.</span> <span class='ocrx_word' id='word_1_190' title='bbox 864 2029 971 2087; x_wconf 91' lang='lat' dir='ltr'>Ille</span> <span class='ocrx_word' id='word_1_191' title='bbox 1032 2033 1224 2087; x_wconf 88' lang='lat' dir='ltr'>autem</span> <span class='ocrx_word' id='word_1_192' title='bbox 1278 2029 1516 2086; x_wconf 88' lang='lat' dir='ltr'>insanus</span> <span class='ocrx_word' id='word_1_193' title='bbox 1537 2074 1553 2103; x_wconf 95' lang='lat'>,</span> <span class='ocrx_word' id='word_1_194' title='bbox 1622 2030 1719 2101; x_wconf 93' lang='lat' dir='ltr'>qui</span> <span class='ocrx_word' id='word_1_195' title='bbox 1776 2045 1882 2102; x_wconf 92' lang='lat' dir='ltr'>pro</span> <span class='ocrx_word' id='word_1_196' title='bbox 1941 2030 2052 2087; x_wconf 85' lang='lat' dir='ltr'>isto</span> <span class='ocrx_word' id='word_1_197' title='bbox 2111 2031 2595 2090; x_wconf 87' lang='lat' dir='ltr'>vehementissime</span> 
     </span>
     <span class='ocr_line' id='line_1_25' title="bbox 403 2111 2596 2197; baseline -0 -22"><span class='ocrx_word' id='word_1_198' title='bbox 403 2122 605 2176; x_wconf 88' lang='lat' dir='ltr'>contra</span> <span class='ocrx_word' id='word_1_199' title='bbox 648 2134 742 2175; x_wconf 91' lang='lat' dir='ltr'>me</span> <span class='ocrx_word' id='word_1_200' title='bbox 794 2116 1204 2191; x_wconf 85' lang='lat' dir='ltr'>declamasset,</span> <span class='ocrx_word' id='word_1_201' title='bbox 1264 2123 1567 2191; x_wconf 89' lang='lat' dir='ltr'>postquam</span> <span class='ocrx_word' id='word_1_202' title='bbox 1623 2133 1738 2175; x_wconf 90' lang='lat' dir='ltr'>non</span> <span class='ocrx_word' id='word_1_203' title='bbox 1794 2117 2124 2189; x_wconf 88' lang='lat' dir='ltr'>impetravit</span> <span class='ocrx_word' id='word_1_204' title='bbox 2143 2111 2195 2197; x_wconf 76' lang='lat'>²)</span> <span class='ocrx_word' id='word_1_205' title='bbox 2211 2163 2227 2194; x_wconf 96' lang='lat'>,</span> <span class='ocrx_word' id='word_1_206' title='bbox 2292 2118 2490 2195; x_wconf 83' lang='lat' dir='ltr'>crede,</span> <span class='ocrx_word' id='word_1_207' title='bbox 2545 2122 2596 2174; x_wconf 89' lang='lat' dir='ltr'>ut</span> 
     </span>
     <span class='ocr_line' id='line_1_26' title="bbox 401 2204 2594 2281; baseline -0 -18"><span class='ocrx_word' id='word_1_208' title='bbox 401 2207 464 2264; x_wconf 90' lang='lat' dir='ltr'>in</span> <span class='ocrx_word' id='word_1_209' title='bbox 520 2206 767 2280; x_wconf 85' lang='lat' dir='ltr'>gratiam</span> <span class='ocrx_word' id='word_1_210' title='bbox 821 2222 1046 2264; x_wconf 91' lang='lat' dir='ltr'>mecum</span> <span class='ocrx_word' id='word_1_211' title='bbox 1101 2206 1324 2264; x_wconf 85' lang='lat' dir='ltr'>rediret</span> <span class='ocrx_word' id='word_1_212' title='bbox 1340 2251 1356 2281; x_wconf 96' lang='lat'>,</span> <span class='ocrx_word' id='word_1_213' title='bbox 1427 2204 1687 2264; x_wconf 88' lang='lat' dir='ltr'>libellum</span> <span class='ocrx_word' id='word_1_214' title='bbox 1746 2205 1888 2264; x_wconf 90' lang='lat' dir='ltr'>mihi</span> <span class='ocrx_word' id='word_1_215' title='bbox 1957 2206 2082 2281; x_wconf 91' lang='lat' dir='ltr'>dat,</span> <span class='ocrx_word' id='word_1_216' title='bbox 2155 2208 2219 2268; x_wconf 86' lang='lat' dir='ltr'>in</span> <span class='ocrx_word' id='word_1_217' title='bbox 2274 2224 2386 2280; x_wconf 90' lang='lat' dir='ltr'>quo</span> <span class='ocrx_word' id='word_1_218' title='bbox 2447 2208 2594 2266; x_wconf 89' lang='lat' dir='ltr'>istius</span> 
     </span>
     <span class='ocr_line' id='line_1_27' title="bbox 400 2292 2592 2368; baseline -0.001 -16"><span class='ocrx_word' id='word_1_219' title='bbox 400 2292 556 2352; x_wconf 83' lang='lat' dir='ltr'>furta</span> <span class='ocrx_word' id='word_1_220' title='bbox 603 2292 965 2365; x_wconf 87' lang='lat' dir='ltr'>Syracusana</span> <span class='ocrx_word' id='word_1_221' title='bbox 1006 2294 1332 2368; x_wconf 89' lang='lat' dir='ltr'>perscripta</span> <span class='ocrx_word' id='word_1_222' title='bbox 1380 2299 1577 2352; x_wconf 87' lang='lat' dir='ltr'>erant:</span> <span class='ocrx_word' id='word_1_223' title='bbox 1636 2309 1786 2366; x_wconf 86' lang='lat' dir='ltr'>quae</span> <span class='ocrx_word' id='word_1_224' title='bbox 1833 2311 1941 2368; x_wconf 86' lang='lat' dir='ltr'>ego</span> <span class='ocrx_word' id='word_1_225' title='bbox 1987 2300 2163 2352; x_wconf 88' lang='lat' dir='ltr'>antea</span> <span class='ocrx_word' id='word_1_226' title='bbox 2205 2296 2322 2353; x_wconf 90' lang='lat' dir='ltr'>iam</span> <span class='ocrx_word' id='word_1_227' title='bbox 2368 2295 2439 2354; x_wconf 91' lang='lat' dir='ltr'>ab</span> <span class='ocrx_word' id='word_1_228' title='bbox 2481 2295 2592 2354; x_wconf 88' lang='lat' dir='ltr'>aliis</span> 
     </span>
     <span class='ocr_line' id='line_1_28' title="bbox 405 2388 2655 2454; baseline -0 -15"><span class='ocrx_word' id='word_1_229' title='bbox 405 2396 712 2454; x_wconf 87' lang='lat' dir='ltr'>cognoram</span> <span class='ocrx_word' id='word_1_230' title='bbox 757 2388 818 2440; x_wconf 90' lang='lat' dir='ltr'>et</span> <span class='ocrx_word' id='word_1_231' title='bbox 866 2398 1223 2453; x_wconf 89' lang='lat' dir='ltr'>acceperam.</span> <span class='ocrx_word' id='word_1_232' title='bbox 2654 2441 2655 2450; x_wconf 18' lang='lat'>¹</span> 
     </span>
     <span class='ocr_line' id='line_1_29' title="bbox 578 2465 2597 2552; baseline 0 -26"><span class='ocrx_word' id='word_1_233' title='bbox 578 2469 849 2527; x_wconf 86' lang='lat' dir='ltr'>Laudent</span> <span class='ocrx_word' id='word_1_234' title='bbox 900 2475 959 2527; x_wconf 90' lang='lat' dir='ltr'>te</span> <span class='ocrx_word' id='word_1_235' title='bbox 1013 2470 1131 2528; x_wconf 88' lang='lat' dir='ltr'>iam</span> <span class='ocrx_word' id='word_1_236' title='bbox 1186 2486 1325 2528; x_wconf 90' lang='lat' dir='ltr'>sane</span> <span class='ocrx_word' id='word_1_237' title='bbox 1372 2470 1733 2544; x_wconf 86' lang='lat' dir='ltr'>Mamertini,</span> <span class='ocrx_word' id='word_1_238' title='bbox 1793 2470 2059 2542; x_wconf 89' lang='lat' dir='ltr'>quoniam</span> <span class='ocrx_word' id='word_1_239' title='bbox 2111 2487 2182 2528; x_wconf 88' lang='lat' dir='ltr'>ex</span> <span class='ocrx_word' id='word_1_240' title='bbox 2238 2476 2362 2529; x_wconf 87' lang='lat' dir='ltr'>tota</span> <span class='ocrx_word' id='word_1_241' title='bbox 2386 2465 2437 2552; x_wconf 85' lang='lat'>³)</span> <span class='ocrx_word' id='word_1_242' title='bbox 2482 2487 2597 2544; x_wconf 91' lang='lat' dir='ltr'>pro·</span> 
     </span>
    </p>
   </div>
   <div class='ocr_carea' id='block_1_7' title="bbox 259 2549 2655 2633">
    <p class='ocr_par' dir='ltr' id='par_1_7' title="bbox 259 2549 2655 2633">
     <span class='ocr_line' id='line_1_30' title="bbox 259 2549 2655 2633; baseline -0 -19"><span class='ocrx_word' id='word_1_243' title='bbox 259 2549 384 2608; x_wconf 88' lang='lat'>150</span> <span class='ocrx_word' id='word_1_244' title='bbox 402 2556 593 2615; x_wconf 87' lang='lat' dir='ltr'>vincia</span> <span class='ocrx_word' id='word_1_245' title='bbox 641 2557 749 2615; x_wconf 91' lang='lat' dir='ltr'>soli</span> <span class='ocrx_word' id='word_1_246' title='bbox 804 2562 966 2631; x_wconf 91' lang='lat' dir='ltr'>sunt,</span> <span class='ocrx_word' id='word_1_247' title='bbox 1030 2559 1127 2630; x_wconf 91' lang='lat' dir='ltr'>qui</span> <span class='ocrx_word' id='word_1_248' title='bbox 1177 2563 1235 2616; x_wconf 90' lang='lat' dir='ltr'>te</span> <span class='ocrx_word' id='word_1_249' title='bbox 1283 2557 1503 2615; x_wconf 89' lang='lat' dir='ltr'>salvum</span> <span class='ocrx_word' id='word_1_250' title='bbox 1544 2558 1759 2633; x_wconf 86' lang='lat' dir='ltr'>velint,</span> <span class='ocrx_word' id='word_1_251' title='bbox 1827 2559 1912 2616; x_wconf 88' lang='lat' dir='ltr'>ita</span> <span class='ocrx_word' id='word_1_252' title='bbox 1966 2563 2159 2617; x_wconf 90' lang='lat' dir='ltr'>tamen</span> <span class='ocrx_word' id='word_1_253' title='bbox 2216 2560 2482 2632; x_wconf 88' lang='lat' dir='ltr'>laudent,</span> <span class='ocrx_word' id='word_1_254' title='bbox 2540 2561 2597 2614; x_wconf 90' lang='lat' dir='ltr'>ut</span> <span class='ocrx_word' id='word_1_255' title='bbox 2654 2583 2655 2590; x_wconf 45' lang='lat'>1</span> 
     </span>
    </p>
   </div>
   <div class='ocr_carea' id='block_1_8' title="bbox 399 2645 2655 3342">
    <p class='ocr_par' dir='ltr' id='par_1_8' title="bbox 399 2645 2655 3342">
     <span class='ocr_line' id='line_1_31' title="bbox 402 2645 2655 2722; baseline -0 -20"><span class='ocrx_word' id='word_1_256' title='bbox 402 2645 611 2716; x_wconf 83' lang='lat' dir='ltr'>HeiuS,</span> <span class='ocrx_word' id='word_1_257' title='bbox 658 2646 755 2715; x_wconf 87' lang='lat' dir='ltr'>qui</span> <span class='ocrx_word' id='word_1_258' title='bbox 800 2647 1071 2718; x_wconf 90' lang='lat' dir='ltr'>princeps</span> <span class='ocrx_word' id='word_1_259' title='bbox 1116 2646 1424 2718; x_wconf 87' lang='lat' dir='ltr'>legationis</span> <span class='ocrx_word' id='word_1_260' title='bbox 1465 2650 1582 2719; x_wconf 88' lang='lat' dir='ltr'>est,</span> <span class='ocrx_word' id='word_1_261' title='bbox 1626 2646 1805 2720; x_wconf 88' lang='lat' dir='ltr'>adsit,</span> <span class='ocrx_word' id='word_1_262' title='bbox 1851 2647 1937 2704; x_wconf 86' lang='lat' dir='ltr'>ita</span> <span class='ocrx_word' id='word_1_263' title='bbox 1981 2646 2249 2722; x_wconf 89' lang='lat' dir='ltr'>laudent,</span> <span class='ocrx_word' id='word_1_264' title='bbox 2298 2654 2364 2706; x_wconf 91' lang='lat' dir='ltr'>ut</span> <span class='ocrx_word' id='word_1_265' title='bbox 2408 2647 2475 2706; x_wconf 90' lang='lat' dir='ltr'>ad</span> <span class='ocrx_word' id='word_1_266' title='bbox 2517 2661 2595 2716; x_wconf 88' lang='lat' dir='ltr'>ea,</span> <span class='ocrx_word' id='word_1_267' title='bbox 2654 2699 2655 2712; x_wconf 64' lang='grc'>,</span> 
     </span>
     <span class='ocr_line' id='line_1_32' title="bbox 401 2725 2655 2807; baseline -0.001 -17"><span class='ocrx_word' id='word_1_268' title='bbox 401 2749 550 2806; x_wconf 88' lang='lat' dir='ltr'>quae</span> <span class='ocrx_word' id='word_1_269' title='bbox 597 2735 789 2805; x_wconf 90' lang='lat' dir='ltr'>rogati</span> <span class='ocrx_word' id='word_1_270' title='bbox 836 2738 1039 2807; x_wconf 88' lang='lat' dir='ltr'>erunt,</span> <span class='ocrx_word' id='word_1_271' title='bbox 1122 2733 1263 2791; x_wconf 91' lang='lat' dir='ltr'>mihi</span> <span class='ocrx_word' id='word_1_272' title='bbox 1307 2734 1500 2806; x_wconf 89' lang='lat' dir='ltr'>parati</span> <span class='ocrx_word' id='word_1_273' title='bbox 1546 2733 1662 2791; x_wconf 89' lang='lat' dir='ltr'>sint</span> <span class='ocrx_word' id='word_1_274' title='bbox 1705 2733 2078 2807; x_wconf 89' lang='lat' dir='ltr'>respondere.</span> <span class='ocrx_word' id='word_1_275' title='bbox 2173 2735 2262 2793; x_wconf 92' lang='lat' dir='ltr'>Ac</span> <span class='ocrx_word' id='word_1_276' title='bbox 2305 2753 2382 2794; x_wconf 92' lang='lat' dir='ltr'>ne</span> <span class='ocrx_word' id='word_1_277' title='bbox 2412 2733 2593 2792; x_wconf 82' lang='lat' dir='ltr'>subito</span> <span class='ocrx_word' id='word_1_278' title='bbox 2654 2725 2655 2728; x_wconf 65' lang='grc'>’</span> 
     </span>
     <span class='ocr_line' id='line_1_33' title="bbox 401 2812 2593 2897; baseline -0.001 -18"><span class='ocrx_word' id='word_1_279' title='bbox 401 2837 437 2879; x_wconf 96' lang='grc'><strong>3</strong></span> <span class='ocrx_word' id='word_1_280' title='bbox 482 2836 574 2878; x_wconf 93' lang='lat' dir='ltr'>me</span> <span class='ocrx_word' id='word_1_281' title='bbox 612 2812 1035 2894; x_wconf 84' lang='lat' dir='ltr'>opprimantur,</span> <span class='ocrx_word' id='word_1_282' title='bbox 1098 2822 1244 2879; x_wconf 90' lang='lat' dir='ltr'>haec</span> <span class='ocrx_word' id='word_1_283' title='bbox 1289 2839 1414 2879; x_wconf 88' lang='lat' dir='ltr'>sum</span> <span class='ocrx_word' id='word_1_284' title='bbox 1459 2827 1792 2893; x_wconf 87' lang='lat' dir='ltr'>rogaturus:</span> <span class='ocrx_word' id='word_1_285' title='bbox 1846 2838 2055 2880; x_wconf 89' lang='lat' dir='ltr'>navem</span> <span class='ocrx_word' id='word_1_286' title='bbox 2102 2823 2315 2897; x_wconf 90' lang='lat' dir='ltr'>populo</span> <span class='ocrx_word' id='word_1_287' title='bbox 2358 2824 2593 2882; x_wconf 86' lang='lat' dir='ltr'>Romano</span> 
     </span>
     <span class='ocr_line' id='line_1_34' title="bbox 401 2907 2597 2982; baseline -0.001 -16"><span class='ocrx_word' id='word_1_288' title='bbox 401 2907 771 2967; x_wconf 83' lang='lat' dir='ltr'>debeantne‘?</span> <span class='ocrx_word' id='word_1_289' title='bbox 889 2908 1266 2967; x_wconf 87' lang='lat' dir='ltr'>Fatebuntur.</span> <span class='ocrx_word' id='word_1_290' title='bbox 1385 2908 1849 2968; x_wconf 85' lang='lat' dir='ltr'>Praebuerintne</span> <span class='ocrx_word' id='word_1_291' title='bbox 1927 2915 2197 2982; x_wconf 91' lang='lat' dir='ltr'>praetore</span> <span class='ocrx_word' id='word_1_292' title='bbox 2270 2910 2334 2969; x_wconf 87' lang='lat' dir='ltr'>C.</span> <span class='ocrx_word' id='word_1_293' title='bbox 2391 2911 2597 2969; x_wconf 84' lang='lat' dir='ltr'>Verre?</span> 
     </span>
     <span class='ocr_line' id='line_1_35' title="bbox 399 2995 2655 3072; baseline -0 -19"><span class='ocrx_word' id='word_1_294' title='bbox 399 2996 725 3069; x_wconf 90' lang='lat' dir='ltr'>Negabunt.</span> <span class='ocrx_word' id='word_1_295' title='bbox 823 2995 1279 3055; x_wconf 88' lang='lat' dir='ltr'>Aedificarintne</span> <span class='ocrx_word' id='word_1_296' title='bbox 1340 3012 1546 3054; x_wconf 86' lang='lat' dir='ltr'>navem</span> <span class='ocrx_word' id='word_1_297' title='bbox 1616 2998 1945 3055; x_wconf 88' lang='lat' dir='ltr'>onerariam</span> <span class='ocrx_word' id='word_1_298' title='bbox 1999 2999 2308 3057; x_wconf 86' lang='lat' dir='ltr'>maximam</span> <span class='ocrx_word' id='word_1_299' title='bbox 2366 2998 2594 3072; x_wconf 89' lang='lat' dir='ltr'>publice,</span> <span class='ocrx_word' id='word_1_300' title='bbox 2654 3003 2655 3042; x_wconf 63' lang='grc' dir='ltr'>ἰ</span> 
     </span>
     <span class='ocr_line' id='line_1_36' title="bbox 401 3078 2655 3164; baseline 0 -23"><span class='ocrx_word' id='word_1_301' title='bbox 401 3101 570 3157; x_wconf 89' lang='lat' dir='ltr'>quam</span> <span class='ocrx_word' id='word_1_302' title='bbox 632 3084 806 3142; x_wconf 92' lang='lat' dir='ltr'>Verri</span> <span class='ocrx_word' id='word_1_303' title='bbox 870 3083 1155 3142; x_wconf 89' lang='lat' dir='ltr'>dederunt</span> <span class='ocrx_word' id='word_1_304' title='bbox 1173 3078 1264 3164; x_wconf 78' lang='lat'>4)?</span> <span class='ocrx_word' id='word_1_305' title='bbox 1368 3085 1602 3158; x_wconf 87' lang='lat' dir='ltr'>Negare</span> <span class='ocrx_word' id='word_1_306' title='bbox 1669 3102 1783 3143; x_wconf 92' lang='lat' dir='ltr'>non</span> <span class='ocrx_word' id='word_1_307' title='bbox 1849 3090 2139 3159; x_wconf 91' lang='lat' dir='ltr'>poterunt.</span> <span class='ocrx_word' id='word_1_308' title='bbox 2237 3086 2595 3145; x_wconf 86' lang='lat' dir='ltr'>Frumentum</span> <span class='ocrx_word' id='word_1_309' title='bbox 2654 3079 2655 3102; x_wconf 61' lang='lat'>*</span> 
     </span>
     <span class='ocr_line' id='line_1_37' title="bbox 400 3171 2655 3247; baseline -0 -16"><span class='ocrx_word' id='word_1_310' title='bbox 400 3172 473 3231; x_wconf 90' lang='lat' dir='ltr'>ab</span> <span class='ocrx_word' id='word_1_311' title='bbox 536 3172 609 3229; x_wconf 88' lang='lat' dir='ltr'>iis</span> <span class='ocrx_word' id='word_1_312' title='bbox 666 3172 1050 3245; x_wconf 88' lang='lat' dir='ltr'>sumpseritne</span> <span class='ocrx_word' id='word_1_313' title='bbox 1118 3171 1179 3229; x_wconf 82' lang='lat' dir='ltr'>G.</span> <span class='ocrx_word' id='word_1_314' title='bbox 1228 3172 1476 3247; x_wconf 82' lang='lat' dir='ltr'>VerreS,</span> <span class='ocrx_word' id='word_1_315' title='bbox 1542 3173 1694 3245; x_wconf 90' lang='lat' dir='ltr'>quod</span> <span class='ocrx_word' id='word_1_316' title='bbox 1750 3173 1966 3247; x_wconf 91' lang='lat' dir='ltr'>populo</span> <span class='ocrx_word' id='word_1_317' title='bbox 2022 3174 2282 3234; x_wconf 88' lang='lat' dir='ltr'>Romano</span> <span class='ocrx_word' id='word_1_318' title='bbox 2339 3176 2591 3242; x_wconf 87' lang='lat' dir='ltr'>mitteret,</span> <span class='ocrx_word' id='word_1_319' title='bbox 2654 3181 2655 3230; x_wconf 69' lang='lat'>1</span> 
     </span>
     <span class='ocr_line' id='line_1_38' title="bbox 399 3254 2655 3342; baseline -0 -24"><span class='ocrx_word' id='word_1_320' title='bbox 399 3260 569 3319; x_wconf 91' lang='lat' dir='ltr'>sicuti</span> <span class='ocrx_word' id='word_1_321' title='bbox 641 3260 1011 3332; x_wconf 84' lang='lat' dir='ltr'>superiores?</span> <span class='ocrx_word' id='word_1_322' title='bbox 1099 3260 1428 3332; x_wconf 86' lang='lat' dir='ltr'>Negabunt.</span> <span class='ocrx_word' id='word_1_323' title='bbox 1521 3260 1670 3332; x_wconf 83' lang='lat' dir='ltr'>Quid</span> <span class='ocrx_word' id='word_1_324' title='bbox 1693 3254 1744 3342; x_wconf 78' lang='lat'>5)</span> <span class='ocrx_word' id='word_1_325' title='bbox 1819 3262 2063 3319; x_wconf 89' lang='lat' dir='ltr'>militum</span> <span class='ocrx_word' id='word_1_326' title='bbox 2136 3269 2240 3321; x_wconf 88' lang='lat' dir='ltr'>aut</span> <span class='ocrx_word' id='word_1_327' title='bbox 2312 3267 2592 3321; x_wconf 88' lang='lat' dir='ltr'>nautarum</span> <span class='ocrx_word' id='word_1_328' title='bbox 2654 3295 2655 3306; x_wconf 45' lang='lat'>1</span> 
     </span>
    </p>
   </div>
   <div class='ocr_carea' id='block_1_9' title="bbox 406 3430 812 3440">
    <p class='ocr_par' dir='ltr' id='par_1_9' title="bbox 406 3430 812 3440">
     <span class='ocr_line' id='line_1_39' title="bbox 406 3430 812 3440; baseline 0 914"><span class='ocrx_word' id='word_1_329' title='bbox 406 3430 812 3440; x_wconf 95' lang='lat' dir='ltr'> </span> 
     </span>
    </p>
   </div>
   <div class='ocr_carea' id='block_1_10' title="bbox 399 3527 2655 3741">
    <p class='ocr_par' dir='ltr' id='par_1_10' title="bbox 399 3527 2655 3741">
     <span class='ocr_line' id='line_1_40' title="bbox 400 3527 2585 3599; baseline 0 -18"><span class='ocrx_word' id='word_1_330' title='bbox 400 3528 496 3581; x_wconf 90' lang='lat' dir='ltr'>alii</span> <span class='ocrx_word' id='word_1_331' title='bbox 522 3528 741 3596; x_wconf 72' lang='lat' dir='ltr'>sinqula</span> <span class='ocrx_word' id='word_1_332' title='bbox 764 3543 939 3595; x_wconf 73' lang='lat' dir='ltr'>perse.</span> <span class='ocrx_word' id='word_1_333' title='bbox 966 3531 1149 3593; x_wconf 77' lang='lat' dir='ltr'>eramt,</span> <span class='ocrx_word' id='word_1_334' title='bbox 1190 3527 1332 3596; x_wconf 88' lang='lat' dir='ltr'>quod</span> <span class='ocrx_word' id='word_1_335' title='bbox 1357 3528 1415 3581; x_wconf 92' lang='lat' dir='ltr'>in</span> <span class='ocrx_word' id='word_1_336' title='bbox 1439 3529 1663 3597; x_wconf 89' lang='lat' dir='ltr'>Lagom.</span> <span class='ocrx_word' id='word_1_337' title='bbox 1699 3530 1884 3598; x_wconf 63' lang='lat' dir='ltr'>similla</span> <span class='ocrx_word' id='word_1_338' title='bbox 1904 3547 1959 3598; x_wconf 79' lang='lat' dir='ltr'>p.</span> <span class='ocrx_word' id='word_1_339' title='bbox 1989 3547 2029 3585; x_wconf 85' lang='lat' dir='ltr'>e.</span> <span class='ocrx_word' id='word_1_340' title='bbox 2062 3534 2226 3587; x_wconf 76' lang='lat' dir='ltr'>extat.</span> <span class='ocrx_word' id='word_1_341' title='bbox 2375 3535 2425 3599; x_wconf 91' lang='lat'>1)</span> <span class='ocrx_word' id='word_1_342' title='bbox 2454 3541 2585 3597; x_wconf 80' lang='lat' dir='ltr'>opor-</span> 
     </span>
     <span class='ocr_line' id='line_1_41' title="bbox 399 3598 2655 3670; baseline 0 -18"><span class='ocrx_word' id='word_1_343' title='bbox 399 3605 507 3652; x_wconf 79' lang='lat' dir='ltr'>tere</span> <span class='ocrx_word' id='word_1_344' title='bbox 543 3598 693 3652; x_wconf 86' lang='lat' dir='ltr'>deest</span> <span class='ocrx_word' id='word_1_345' title='bbox 739 3600 797 3652; x_wconf 90' lang='lat' dir='ltr'>in</span> <span class='ocrx_word' id='word_1_346' title='bbox 834 3598 947 3652; x_wconf 90' lang='lat' dir='ltr'>cod.</span> <span class='ocrx_word' id='word_1_347' title='bbox 987 3599 1142 3667; x_wconf 84' lang='lat' dir='ltr'>Reg.;</span> <span class='ocrx_word' id='word_1_348' title='bbox 1194 3599 1402 3653; x_wconf 78' lang='lat' dir='ltr'>omittit</span> <span class='ocrx_word' id='word_1_349' title='bbox 1437 3601 1656 3669; x_wconf 88' lang='lat' dir='ltr'>Zumpt;</span> <span class='ocrx_word' id='word_1_350' title='bbox 1704 3600 2028 3655; x_wconf 80' lang='lat' dir='ltr'>addiderunt</span> <span class='ocrx_word' id='word_1_351' title='bbox 2062 3618 2124 3655; x_wconf 87' lang='lat' dir='ltr'>ex</span> <span class='ocrx_word' id='word_1_352' title='bbox 2160 3618 2269 3656; x_wconf 90' lang='lat' dir='ltr'>uno</span> <span class='ocrx_word' id='word_1_353' title='bbox 2306 3604 2581 3670; x_wconf 84' lang='lat' dir='ltr'>Lagomars.</span> <span class='ocrx_word' id='word_1_354' title='bbox 2654 3649 2655 3662; x_wconf 64' lang='grc'>,</span> 
     </span>
     <span class='ocr_line' id='line_1_42' title="bbox 400 3666 2655 3741; baseline 0.001 -20"><span class='ocrx_word' id='word_1_355' title='bbox 400 3667 663 3721; x_wconf 81' lang='lat' dir='ltr'>Graevius</span> <span class='ocrx_word' id='word_1_356' title='bbox 680 3710 693 3736; x_wconf 93' lang='lat'>,</span> <span class='ocrx_word' id='word_1_357' title='bbox 742 3668 918 3721; x_wconf 90' lang='lat' dir='ltr'>Halm.</span> <span class='ocrx_word' id='word_1_358' title='bbox 1152 3668 1206 3736; x_wconf 85' lang='lat'>2)</span> <span class='ocrx_word' id='word_1_359' title='bbox 1260 3669 1422 3723; x_wconf 87' lang='lat' dir='ltr'>Klotz</span> <span class='ocrx_word' id='word_1_360' title='bbox 1471 3668 1896 3738; x_wconf 76' lang='lat' dir='ltr'>impetravisset,</span> <span class='ocrx_word' id='word_1_361' title='bbox 1948 3672 2088 3741; x_wconf 90' lang='lat' dir='ltr'>quod</span> <span class='ocrx_word' id='word_1_362' title='bbox 2124 3674 2387 3740; x_wconf 88' lang='lat' dir='ltr'>praebent</span> <span class='ocrx_word' id='word_1_363' title='bbox 2421 3666 2583 3738; x_wconf 83' lang='lat' dir='ltr'>optimi</span> <span class='ocrx_word' id='word_1_364' title='bbox 2654 3699 2655 3706; x_wconf 47' lang='lat'>1</span> 
     </span>
    </p>
   </div>
   <div class='ocr_carea' id='block_1_11' title="bbox 368 3737 2582 3811">
    <p class='ocr_par' dir='ltr' id='par_1_11' title="bbox 368 3737 2582 3811">
     <span class='ocr_line' id='line_1_43' title="bbox 368 3737 2582 3811; baseline 0.001 -22"><span class='ocrx_word' id='word_1_365' title='bbox 368 3737 544 3789; x_wconf 69' lang='lat' dir='ltr'>libri.</span> <span class='ocrx_word' id='word_1_366' title='bbox 674 3738 729 3803; x_wconf 88' lang='lat'>3)</span> <span class='ocrx_word' id='word_1_367' title='bbox 767 3737 945 3805; x_wconf 84' lang='lat' dir='ltr'>Vulgo</span> <span class='ocrx_word' id='word_1_368' title='bbox 985 3737 1078 3804; x_wconf 78' lang='lat' dir='ltr'>qui</span> <span class='ocrx_word' id='word_1_369' title='bbox 1112 3754 1178 3790; x_wconf 79' lang='lat' dir='ltr'>ex</span> <span class='ocrx_word' id='word_1_370' title='bbox 1214 3744 1375 3792; x_wconf 77' lang='lat' dir='ltr'>tanta</span> <span class='ocrx_word' id='word_1_371' title='bbox 1412 3744 1599 3793; x_wconf 85' lang='lat' dir='ltr'>contra</span> <span class='ocrx_word' id='word_1_372' title='bbox 1637 3745 1746 3809; x_wconf 87' lang='lat' dir='ltr'>opt.</span> <span class='ocrx_word' id='word_1_373' title='bbox 1783 3740 1931 3795; x_wconf 91' lang='lat' dir='ltr'>codd.</span> <span class='ocrx_word' id='word_1_374' title='bbox 2059 3743 2117 3811; x_wconf 89' lang='lat'>4)</span> <span class='ocrx_word' id='word_1_375' title='bbox 2154 3742 2396 3796; x_wconf 79' lang='lat' dir='ltr'>dederint</span> <span class='ocrx_word' id='word_1_376' title='bbox 2417 3738 2582 3795; x_wconf 77' lang='lat' dir='ltr'>Emest</span> 
     </span>
    </p>
   </div>
   <div class='ocr_carea' id='block_1_12' title="bbox 401 3806 2655 3942">
    <p class='ocr_par' dir='ltr' id='par_1_12' title="bbox 401 3806 2655 3942">
     <span class='ocr_line' id='line_1_44' title="bbox 401 3806 2655 3881; baseline 0.004 -24"><span class='ocrx_word' id='word_1_377' title='bbox 401 3806 539 3860; x_wconf 91' lang='lat' dir='ltr'>coni.</span> <span class='ocrx_word' id='word_1_378' title='bbox 554 3844 567 3866; x_wconf 90' lang='lat'>,</span> <span class='ocrx_word' id='word_1_379' title='bbox 604 3822 761 3872; x_wconf 89' lang='lat' dir='ltr'>quem</span> <span class='ocrx_word' id='word_1_380' title='bbox 796 3806 1034 3872; x_wconf 87' lang='lat' dir='ltr'>sequitur</span> <span class='ocrx_word' id='word_1_381' title='bbox 1070 3808 1302 3875; x_wconf 83' lang='lat' dir='ltr'>Kayser,</span> <span class='ocrx_word' id='word_1_382' title='bbox 1342 3809 1594 3863; x_wconf 66' lang='lat' dir='ltr'>dederent</span> <span class='ocrx_word' id='word_1_383' title='bbox 1628 3811 1916 3865; x_wconf 88' lang='lat' dir='ltr'>Eberhard.</span> <span class='ocrx_word' id='word_1_384' title='bbox 2115 3815 2169 3881; x_wconf 88' lang='lat'>5)</span> <span class='ocrx_word' id='word_1_385' title='bbox 2209 3812 2425 3880; x_wconf 77' lang='lat' dir='ltr'>Ecquid</span> <span class='ocrx_word' id='word_1_386' title='bbox 2456 3806 2579 3864; x_wconf 82' lang='lat' dir='ltr'>Koch</span> <span class='ocrx_word' id='word_1_387' title='bbox 2654 3837 2655 3866; x_wconf 61' lang='grc' dir='ltr'>ι</span> 
     </span>
     <span class='ocr_line' id='line_1_45' title="bbox 401 3874 1104 3942; baseline 0.006 -17"><span class='ocrx_word' id='word_1_388' title='bbox 401 3890 580 3942; x_wconf 87' lang='lat' dir='ltr'>progr.</span> <span class='ocrx_word' id='word_1_389' title='bbox 621 3875 762 3928; x_wconf 85' lang='lat' dir='ltr'>Port.</span> <span class='ocrx_word' id='word_1_390' title='bbox 803 3874 940 3929; x_wconf 88' lang='lat'>1868</span> <span class='ocrx_word' id='word_1_391' title='bbox 976 3892 1027 3942; x_wconf 92' lang='lat' dir='ltr'>p.</span> <span class='ocrx_word' id='word_1_392' title='bbox 1056 3877 1104 3929; x_wconf 84' lang='lat'>2.</span> 
     </span>
    </p>
   </div>
   <div class='ocr_carea' id='block_1_13' title="bbox 2652 972 2657 2009">
    <p class='ocr_par' dir='ltr' id='par_1_13' title="bbox 2652 972 2657 2009">
     <span class='ocr_line' id='line_1_46' title="bbox 2652 972 2657 2009; baseline 0 0"><span class='ocrx_word' id='word_1_393' title='bbox 2652 972 2657 2009; x_wconf 95' lang='lat' dir='ltr'> </span> 
     </span>
    </p>
   </div>
   <div class='ocr_carea' id='block_1_14' title="bbox 2653 2599 2656 3280">
    <p class='ocr_par' dir='ltr' id='par_1_14' title="bbox 2653 2599 2656 3280">
     <span class='ocr_line' id='line_1_47' title="bbox 2653 2599 2656 3280; baseline 0 0"><span class='ocrx_word' id='word_1_394' title='bbox 2653 2599 2656 3280; x_wconf 95' lang='lat' dir='ltr'> </span> 
     </span>
    </p>
   </div>
  </div>
 </body>
</html>
