2669 4354
388 234 417 287 1
431 233 464 287 2
473 232 509 288 2
1342 243 1560 283 ORATIO

384 437 492 494 ego
555 437 671 478 non
737 420 1005 492 diligam,
1075 435 1191 476 non
1258 416 1540 490 admirer,
1613 433 1728 475 non
1790 417 1944 474 omni
2002 417 2227 475 ratione
2288 415 2589 475 defenden-

383 510 518 567 dum
575 511 810 581 putem?
911 507 1102 579 Atque
1164 506 1247 565 sic
1304 521 1341 562 a
1398 505 1633 563 summis
1691 505 2014 564 hominibus
2090 505 2587 578 eruditissimisque

383 597 709 668 accepimus
727 641 742 670 ,
819 601 1147 654 ceterarum
1210 611 1408 652 rerum
1473 593 1665 652 studia
1728 598 1785 651 et
1845 593 2108 651 doctrina
2172 599 2234 651 et
2277 597 2589 666 praeceptis

385 690 447 742 et
518 690 646 742 arte
725 690 1018 757 constare,
1098 688 1328 756 poetam
1382 687 1589 739 natura
1647 682 1774 753 ipsa
1827 683 2024 740 valere
2087 686 2147 740 et
2190 683 2400 740 mentis
2469 684 2582 739 viri-

388 773 488 831 bus
567 773 807 831 excitari
882 778 943 830 et
1017 771 1182 844 quasi
1240 770 1431 828 divino
1500 770 1745 842 quodam
1806 771 2010 842 spiritu
2079 768 2286 828 inflari.
2413 771 2581 841 Quare

384 879 486 919 suo
546 862 671 919 iur'e
714 866 912 919 noster
966 861 1065 917 ille
1111 859 1332 916 Ennius
1378 863 1605 916 sanctos
1647 858 1906 930 appellat
1948 864 2182 932 poetaS,
2244 859 2398 931 quod
2442 860 2582 931 quasi

385 951 626 1008 deorum
667 949 859 1022 aliquo
895 948 1044 1006 dono
1091 952 1267 1020 atque
1311 963 1552 1004 munere
1597 946 1980 1004 commendati
2011 946 2176 1005 nobis
2209 963 2337 1004 esse
2371 947 2583 1005 videan-

283 1040 362 1096 19
385 1043 481 1095 tur
510 1033 578 1117 1).
683 1038 770 1096 Sit
828 1037 1035 1110 igitur,
1106 1035 1325 1093 iudices
1348 1080 1362 1109 ‚
1428 1039 1688 1092 sanctum
1744 1034 1897 1107 apud
1955 1051 2055 1093 vos
2075 1080 2089 1109 ‚
2164 1036 2583 1093 humanissimos

385 1126 644 1184 homines
665 1169 679 1198 ‚
741 1126 848 1183 hoc
894 1129 1104 1197 poetae
1163 1139 1405 1196 nomen,
1458 1123 1608 1195 quod
1661 1123 1819 1183 nulla
1864 1139 2129 1196 umquam
2173 1123 2452 1182 barbaria
2486 1125 2582 1180 vio-

384 1215 537 1271 lavit.
627 1214 779 1271 Saxa
841 1219 900 1271 et
941 1212 1280 1269 solitudines
1341 1213 1466 1269 voci
1528 1210 1914 1285 respondent,
1977 1211 2201 1269 bestiae
2261 1227 2442 1285 saepe
2498 1213 2583 1268 im-

384 1317 584 1359 manes
651 1306 824 1359 cantu
892 1298 1204 1358 flectuntur
1272 1304 1444 1371 atque
1518 1300 1861 1356 consistunt:
1938 1316 2042 1357 nos
2109 1301 2361 1358 instituti
2433 1299 2581 1357 rebus

385 1390 615 1463 optimis
675 1406 791 1447 non
846 1393 1146 1462 poetarum
1203 1403 1345 1445 voce
1409 1391 1784 1445 moveamur?
1888 1388 2204 1445 Homerum
2262 1387 2582 1461 Colophonii
2647 1384 2648 1387 ’

383 1479 565 1535 civem
608 1494 736 1535 esse
783 1477 984 1534 dicunt
1021 1493 1211 1549 suum,
1259 1474 1388 1532 Chii
1433 1493 1593 1532 suum
1618 1469 1669 1554 2)
1710 1476 2035 1549 vindicant,
2096 1476 2399 1534 Salaminii
2441 1492 2583 1547 repe-

382 1571 541 1640 tunt,
616 1566 915 1638 Smyrnaei
970 1581 1106 1621 vero
1169 1581 1332 1621 suum
1379 1580 1506 1621 esse
1553 1562 1923 1638 confirmant,
1991 1565 2185 1637 itaque
2227 1566 2403 1622 etiam
2452 1564 2582 1621 delu-

381 1655 546 1712 brum
592 1656 717 1713 eius
747 1655 808 1711 in
849 1653 1055 1726 oppido
1085 1651 1525 1724 dedicaverunt3
1571 1654 1843 1724 permulti
1876 1653 1975 1710 alii
2006 1658 2317 1728 praeterea
2347 1656 2582 1726 pugnant

317 1736 360 1803 9
382 1744 535 1801 inter
591 1759 654 1800 se
718 1747 890 1814 atque
939 1741 1311 1798 contendunt.
1400 1740 1557 1812 Ergo
1605 1741 1690 1797 illi
1737 1740 2023 1815 alienum,
2088 1741 2225 1814 quia
2265 1747 2442 1813 poeta
2477 1739 2579 1808 fuit,

379 1835 513 1904 post
564 1835 808 1888 mortem
871 1830 1047 1888 etiam
1106 1833 1411 1901 expetunt:
1470 1845 1573 1886 nos
1614 1828 1763 1886 hunc
1810 1830 2029 1903 vivum,
2092 1831 2189 1902 qui
2228 1833 2290 1885 et
2311 1824 2368 1903 3)
2416 1830 2582 1888 volun-

381 1922 503 1977 tate
575 1925 635 1977 et
700 1917 922 1989 legibus
976 1923 1174 1974 noster
1231 1922 1351 1989 est,
1437 1915 1913 1988 repudiabimus?
1936 1910 1990 1996 4)
2066 1920 2416 1990 praesertim
2477 1933 2580 1974 cum

381 2024 549 2065 omne
614 2007 748 2063 olim
814 2006 1063 2063 studium
1085 2008 1284 2077 ‚atque
1328 2020 1495 2062 omne
1541 2006 1835 2077 ingenium
1884 2007 2196 2063 contulerit
2239 2006 2486 2063 Archias
2526 2002 2581 2059 ad

379 2096 574 2167 populi
620 2095 865 2151 Romani
919 2093 1160 2166 gloriam
1220 2092 1563 2165 laudemque
1624 2093 2049 2151 celebrandam.
2151 2094 2299 2150 Nam
2351 2099 2412 2151 et
2457 2093 2579 2150 Cim-

380 2185 571 2242 bricas
616 2200 711 2240 res
758 2182 1100 2240 adulescens
1146 2182 1340 2255 attigit
1388 2188 1448 2240 et
1492 2182 1601 2255 ipsi
1638 2183 1725 2241 illi
1772 2183 1830 2240 C.
1878 2183 2099 2256 Mario,
2147 2184 2244 2255 qui
2289 2183 2487 2241 durior
2525 2180 2579 2237 ad

279 2272 360 2329 20
379 2272 526 2328 haec
573 2271 761 2329 studia
808 2270 1142 2343 videbatur,
1188 2269 1468 2327 iucundus
1514 2267 1636 2327 fuit.
1714 2272 1918 2343 Neque
1969 2272 2124 2328 enim
2170 2272 2470 2343 quisquam
2509 2274 2579 2325 est

378 2364 498 2417 tam
556 2374 790 2417 aversus
848 2375 883 2416 a
927 2358 1142 2431 MusiS,
1206 2359 1300 2429 qui
1348 2374 1465 2415 non
1509 2357 1775 2417 mandari
1819 2359 2080 2417 versibus
2126 2364 2435 2417 aeternum
2475 2373 2577 2414 suo-

378 2464 504 2504 rum
549 2446 809 2504 laborum
854 2446 1227 2519 praeconium
1272 2445 1446 2504 facile
1470 2439 1521 2525 5)
1565 2448 1839 2517 patiatur.
1931 2448 2383 2505 Themistoclem
2427 2448 2576 2515 illum,

378 2551 659 2593 summum
703 2535 948 2593 Athenis
997 2535 1212 2608 virum,
1274 2533 1486 2591 dixisse
1534 2536 1727 2609 aiunt,
1791 2552 1920 2592 cum
1968 2553 2038 2593 ex
2086 2539 2575 2607 eovquaereretur⁷
2643 2529 2644 2532 ’

379 2622 527 2696 quod
572 2639 842 2681 acroama
889 2629 988 2681 aut
1034 2624 1194 2680 cuius
1240 2639 1441 2679 vocem
1488 2622 1872 2680 libentissime
1907 2623 2166 2681 audiret:
2214 2625 2377 2698 eiuS‚
2428 2641 2459 2681 a
2486 2637 2575 2693 quo

377 2728 483 2768 sua
527 2713 707 2769 virtus
754 2713 969 2785 optime
1015 2710 1475 2783 praedicaretur.
1544 2712 1749 2783 Itaque
1796 2711 1896 2769 ille
1929 2710 2155 2770 Marius
2200 2713 2345 2769 item
2393 2710 2573 2770 eximie

375 2800 443 2857 L.
488 2800 741 2858 Plotium
801 2800 1033 2873 dilexit,
1104 2800 1267 2855 cuius
1334 2800 1571 2872 ingenio
1630 2800 1874 2872 putabat
1932 2817 2033 2874 ea,
2102 2817 2253 2873 quae
2315 2803 2572 2873 gesserat,

274 2890 351 2945 21
375 2905 544 2961 posse
613 2888 914 2946 celebrari.
1025 2887 1482 2944 Mithridaticum
1551 2903 1686 2945 vero
1757 2887 2005 2967 bellum,
2086 2905 2358 2962 magnum
2426 2894 2570 2957 atque

377 2975 612 3034 difficile
661 2982 720 3034 et
765 2977 825 3033 in
871 2977 1052 3033 multa
1089 2975 1374 3033 varietate
1423 2980 1582 3032 terra
1630 2978 1888 3049 marique
1929 2981 2248 3048 versatum,
2291 2982 2472 3034 totum
2514 2971 2571 3029 ab

376 3065 485 3121 hoc
546 3081 881 3137 expressum
942 3067 1055 3121 est:
1125 3064 1226 3135 qui
1282 3063 1418 3121 libri
1463 3079 1578 3122 non
1623 3065 1789 3122 modo
1835 3065 1901 3122 L.
1947 3066 2285 3137 Lucullum,
2357 3061 2568 3122 fortissi-

373 3170 526 3211 mum
572 3158 632 3211 et
678 3153 1056 3211 clarissimum
1099 3152 1314 3224 virum,
1377 3169 1573 3209 verum
1632 3153 1808 3209 etiam
1852 3154 2050 3226 populi
2095 3152 2341 3211 Romani
2388 3165 2568 3209 nomen

372 3242 699 3301 inlustrant.
790 3242 1044 3314 Populus
1106 3240 1260 3296 enim
1307 3238 1598 3297 Romanus
1661 3243 1890 3313 aperuit
1934 3242 1999 3299 L.
2026 3235 2079 3321 6)
2123 3241 2368 3300 Lucullo
2413 3242 2567 3309 impe-

372 3335 540 3387 rante
586 3330 832 3387 Pontum
879 3333 939 3388 et
981 3328 1162 3401 regiis
1208 3328 1493 3400 quondam
1531 3328 1733 3401 opibus
1782 3335 1841 3387 et
1885 3331 2012 3403 ipsa
2043 3335 2253 3388 natura
2284 3328 2509 3402 egregie
2529 3316 2565 3397 7)
2651 3376 2652 3382 ,

371 3419 677 3490 vallatum3
745 3418 947 3492 populi
1008 3416 1256 3475 Romani
1326 3417 1616 3475 exercitus
1679 3417 1881 3476 eodem
1948 3418 2093 3477 duce
2161 3435 2279 3476 non
2347 3415 2565 3475 maxima

550 3637 603 3703 1)
661 3634 914 3689 videntur
966 3636 1118 3690 codd.
1169 3634 1369 3690 Erfurt.
1628 3636 1680 3705 2)
1736 3652 1897 3689 suum
1951 3653 2067 3689 unc.
2126 3636 2249 3690 incl.
2305 3626 2560 3689 Eberhard.

371 3710 426 3776 3)
484 3706 650 3761 Codd.
699 3712 748 3759 et
792 3706 904 3774 qui.
1114 3706 1170 3773 4)
1225 3706 1642 3773 repudiabimus
1698 3706 1778 3760 ed.
1816 3707 1962 3771 Ald.;
2020 3706 2169 3759 codd.
2224 3705 2560 3773 repudiamus.

370 3780 425 3846 5)
465 3779 552 3831 Sic
589 3778 751 3831 Halm
762 3798 775 3842 ;
823 3775 988 3844 facile
1014 3791 1197 3841 praec.
1239 3777 1389 3831 codd.
1602 3779 1656 3845 6)
1695 3777 1765 3831 L.
1805 3777 1923 3831 add.
1963 3777 2144 3830 Halm.
2290 3779 2343 3844 7)
2380 3780 2562 3828 natura

367 3849 566 3919 eyreqie
597 3849 870 3917 Beneck03
907 3850 1119 3901 namra
1153 3852 1203 3901 et
1236 3847 1452 3917 remoue
1489 3846 1815 3913 Mommsen3
1852 3855 2091 3903 naturae
2125 3847 2341 3918 reqione
2376 3842 2512 3901 codd.
