2669 4354
401 224 525 281 334
1164 236 1442 277 AccvsA'r.
1490 237 1556 275 m
1601 236 1850 276 VERREM

397 420 505 471 tur.
595 412 818 470 Fanum
865 412 990 469 eius
1049 414 1137 467 est
1197 410 1256 467 in
1303 425 1446 482 agro
1489 414 1729 481 propter
1774 408 1957 481 ipsam
2003 407 2180 479 viam,
2248 422 2359 478 qua
2402 406 2596 463 Assoro
2654 428 2655 437 ¹

398 503 515 559 itur
559 500 858 558 Hennam:
924 499 985 556 in
1035 515 1105 556 eo
1153 497 1411 570 Chrysae
1458 497 1829 554 simulacrum
1877 500 1995 568 est,
2061 495 2360 580 praeclare
2402 492 2597 551 factum

399 605 433 646 e
477 604 781 646 marmore.
883 585 949 643 Id
993 586 1103 644 iste
1150 602 1392 657 poscere
1438 584 1744 643 Assorinos
1807 587 2047 656 propter
2089 583 2436 655 singularem
2488 582 2597 640 eius
2654 622 2655 629 .

398 677 518 734 fani
563 676 905 747 religionem
950 689 1065 731 non
1110 690 1281 731 ausus
1331 677 1448 731 est:
1507 672 1840 743 Tlepolemo
1902 670 2004 728 dat
2050 675 2110 728 et
2146 670 2390 728 Hieroni
2445 686 2597 741 nego·
2654 666 2655 689 ἦ

399 765 555 822 tium.
660 763 754 821 Illi
821 767 996 820 noctu
1054 760 1209 819 facta
1271 776 1443 819 manu
1493 763 1847 831 ‘armataque
1902 759 2170 831 veniunt,
2242 756 2400 816 fores
2457 757 2598 814 aedis

400 852 731 925 effringunt:
787 850 1009 908 aeditui
1030 842 1082 927 ¹)
1128 848 1509 920 custodesque
1555 854 1778 905 mature
1828 847 2116 905 sentiunt:
2172 846 2427 918 Signum,
2471 844 2599 918 quod

399 945 526 998 erat
568 944 764 997 notum
812 938 1129 1011 vicinitati,
1186 936 1399 994 bucina
1444 937 1638 994 datur:
1708 935 1970 992 homines
2028 950 2099 993 ex
2157 934 2314 1006 agris
2385 950 2600 991 concur-

397 1034 558 1086 runt:
620 1027 827 1084 eicitur
881 1024 1231 1098 fugaturque
1278 1024 1680 1097 Tlepolemus:
1736 1039 1926 1094 neque
1992 1023 2300 1094 quicquam
2357 1039 2428 1080 ex
2485 1021 2601 1079 fano
2654 1058 2655 1087 5

400 1116 655 1187 Chrysae
712 1118 947 1186 praeter
1005 1129 1180 1170 unum
1240 1112 1650 1184 perparvulum
1712 1112 1939 1182 signum
2001 1127 2074 1168 ex
2130 1126 2270 1168 aere
2330 1109 2605 1168 desidera·

399 1209 520 1260 tum
569 1207 678 1260 est.

298 1289 376 1346 97
571 1290 779 1347 Matris
839 1303 1082 1361 magnae
1139 1285 1331 1344 fanum
1395 1284 1548 1358 apud
1608 1286 1905 1359 Enguinos
1966 1291 2055 1343 est
2126 1317 2201 1326 -—
2285 1286 2405 1343 iam
2468 1286 2603 1343 enim
2654 1330 2655 1369 ἱ

399 1378 538 1436 mihi
596 1393 713 1435 non
757 1375 923 1434 modo
967 1375 1225 1433 breviter
1284 1373 1358 1432 de
1413 1389 1525 1431 uno
1583 1389 1810 1445 quoque
1866 1372 2198 1447 dicendum,
2275 1373 2385 1432 sed
2441 1375 2601 1431 etiam
2654 1374 2655 1387 ἢ

399 1465 825 1537 praetereunda
885 1463 1155 1521 videntur
1213 1478 1341 1520 esse
1399 1461 1716 1535 permulta,
1794 1466 1858 1518 ut
1917 1461 1990 1519 ad
2052 1463 2274 1519 maiora
2335 1462 2502 1519 istius
2555 1467 2603 1517 et

398 1553 730 1610 inlustriora
777 1553 838 1608 in
883 1552 993 1609 hoc
1037 1567 1253 1625 genere
1297 1548 1454 1608 furta
1498 1556 1556 1607 et
1611 1551 1835 1608 scelera
1874 1549 2171 1606 veniamus
2219 1574 2334 1607 -··:
2401 1550 2465 1608 in
2513 1550 2605 1606 hoc

399 1639 533 1699 fano
577 1641 784 1698 loricas
826 1639 1138 1712 galeasque
1185 1642 1427 1709 aeneaS,
1475 1636 1730 1695 caelatas
1765 1653 1941 1709 opere
1975 1636 2302 1711 Corinthio,
2351 1638 2431 1711 hy
2447 1638 2604 1696 drias-
2654 1658 2655 1709 ς

399 1745 511 1800 que
555 1727 802 1801 grandes
855 1726 1027 1783 simili
1084 1727 1144 1782 in
1190 1740 1407 1797 genere
1454 1730 1625 1797 atque
1679 1724 1882 1782 eadem
1928 1730 2053 1782 arte
2107 1724 2405 1797 perfectas
2470 1725 2605 1782 idem
2654 1780 2655 1791 ,

396 1817 497 1874 ille
558 1814 777 1888 Scipio
835 1815 923 1871 vir
979 1813 1239 1872 omnibus
1304 1811 1480 1870 rebus
1541 1813 2159 1884 praecellentissimuS,
2219 1819 2501 1884 posuerat
2557 1819 2655 1869 et¹

398 1920 558 1961 suum
632 1918 840 1960 nomen
909 1902 1287 1973 inscripserat
1307 1895 1376 1978 2).
1515 1900 1662 1971 Quid
1719 1901 1834 1958 iam
1893 1900 1966 1958 de
2031 1901 2143 1958 isto
2200 1902 2376 1972 plura
2436 1901 2602 1958 dicam
2654 1898 2655 1927 ¹

398 1997 499 2049 aut
540 1992 792 2063 querar?
891 1989 1097 2047 Omnia
1150 1988 1278 2062 illa,
1338 1989 1592 2061 iudiceS,
1648 1988 1918 2046 abstulit.
1983 1988 2130 2046 nihil
2188 1989 2248 2044 in
2307 1989 2605 2062 religiosis·
2654 1986 2655 2001 ¹

398 2080 540 2137 Simo
588 2078 722 2135 fano
776 2082 1014 2150 praeter
1057 2077 1305 2149 vestigia
1366 2077 1617 2135 violatae
1676 2076 1971 2149 religionis
2023 2091 2351 2148 nomenque
2407 2077 2473 2134 P.
2502 2076 2605 2134 Sci·

395 2166 583 2239 pionis
622 2165 889 2237 reliquit:
946 2165 1197 2224 hostium
1242 2165 1455 2238 spolia,
1503 2169 1874 2223 monumenta
1918 2165 2333 2238 imperatorum
2355 2212 2370 2241 ,
2413 2166 2604 2225 decora
2654 2219 2655 2224 ,

397 2259 570 2326 atque
603 2259 939 2311 ornamenta
982 2252 1243 2312 fanorum
1290 2252 1530 2324 posthac
1572 2253 1664 2310 his
1707 2254 2026 2326 praeclaris
2070 2254 2404 2313 nominibus
2430 2254 2598 2312 ramis·

397 2342 475 2399 sis
518 2342 578 2397 in
630 2343 1011 2399 instrumento
1059 2348 1231 2412 atque
1280 2342 1342 2397 in
1403 2340 1763 2411 supellectile
1814 2342 2015 2399 Verris
2032 2332 2087 2419 3)
2147 2341 2598 2400 nominabuntur.
2654 2369 2655 2372 =

294 2427 373 2484 98
396 2429 484 2486 Tu
528 2429 799 2487 videlicet
843 2429 994 2487 solus
1039 2430 1189 2487 vasis
1223 2427 1536 2487 Corinthiis
1581 2427 1919 2502 delectariS,
1966 2435 2029 2486 tu
2074 2429 2226 2486 illius
2274 2431 2436 2488 aeris
2477 2435 2601 2487 tem·
2654 2429 2655 2458 ³

394 2517 780 2590 perationem,
840 2522 902 2574 tu
948 2533 1183 2588 operum
1242 2517 1598 2574 lineamenta
1642 2517 2041 2575 sollertissime
2099 2518 2420 2590 perspiciS3
2475 2517 2601 2573 haec

395 2603 588 2677 Scipio
606 2599 661 2681 ⁴)
713 2605 813 2661 ille
860 2622 974 2662 non
1013 2605 1418 2677 intellegebat,
1474 2603 1640 2662 homo
1686 2604 2052 2663 doctissimus
2107 2610 2280 2676 atque
2325 2605 2601 2663 humanis·
2654 2643 2655 2686 3

394 2693 599 2750 Simus:
648 2698 711 2750 tu
768 2692 893 2750 Sine
942 2692 1061 2750 ulla
1123 2691 1273 2750 bona
1328 2696 1487 2766 arte,
1550 2693 1674 2750 sine
1731 2693 2116 2765 humanitate,
2178 2693 2306 2751 Sine
2365 2693 2603 2766 ingeni0,
2654 2723 2655 2728 κ

393 2780 518 2837 sine
581 2780 793 2837 litteris
853 2780 1145 2853 intellegis
1207 2785 1267 2836 et
1341 2780 1589 2837 iudicas!
1704 2780 1880 2854 Vide,
1944 2797 2020 2838 ne
2081 2781 2181 2837 ille
2241 2798 2372 2842 non
2434 2781 2603 2839 Solum

394 2868 810 2941 temperantia,
872 2867 975 2925 sed
1023 2868 1197 2925 etiam
1245 2868 1642 2941 intellegentia
1683 2874 1744 2925 te
1791 2874 1963 2940 atque
2011 2870 2178 2942 istOS,
2243 2870 2342 2940 qui
2390 2884 2455 2926 Se
2502 2869 2606 2925 ele-

394 2960 600 3027 gantes
664 2955 773 3012 dici
833 2956 1055 3028 volunt,
1125 2956 1349 3013 vicerit.
1471 2956 1618 3012 Nam
1665 2956 1817 3027 vquia
1881 2973 2051 3028 quam
2111 2956 2356 3028 pulchra
2421 2960 2605 3015 essent

392 3042 803 3116 intellegebat,
865 3043 1079 3101 idcirco
1125 3042 1492 3101 existimabat
1540 3060 1610 3101 ea
1655 3061 1770 3101 non
1834 3044 1906 3101 ad
1961 3043 2252 3102 hominum
2309 3045 2604 3113 luxuriem,

392 3131 494 3189 Sed
540 3129 616 3188 ad
662 3134 925 3189 ornatum
973 3129 1236 3189 fanorum
1283 3136 1458 3203 atque
1498 3132 1836 3203 oppidorum
1882 3148 2011 3191 esse
2059 3130 2246 3205 facta,
2294 3128 2379 3208 [ut
2423 3138 2604 3205 poste·
2654 3197 2655 3200 Ἴ

391 3220 469 3277 ris
516 3219 724 3276 nostris
773 3224 1142 3277 monumenta
1187 3220 1459 3292 religiosa
1505 3236 1634 3277 esse
1683 3216 2010 3295 videantur]
2031 3213 2100 3299 ⁵).

283 3298 369 3365 45
560 3307 774 3364 Audite
822 3307 997 3365 etiam
1051 3306 1402 3378 singularem
1451 3308 1601 3379 eiUS,
1656 3306 1909 3381 iudiceS,
1971 3307 2374 3380 cupiditatem,
2439 3306 2606 3364 auda-

286 3392 365 3449 99
390 3394 569 3465 ciam,
627 3395 940 3452 amentiam
985 3396 1046 3451 in
1090 3395 1163 3453 iis
1219 3394 1562 3468 praesertim
1627 3395 1804 3453 sacris
1861 3394 2216 3468 polluendiS,
2278 3412 2428 3468 quae
2496 3410 2602 3451 non

568 3563 619 3627 1)
657 3561 903 3615 aeditimi
938 3560 1023 3613 vel
1061 3559 1327 3613 aeditumi
1363 3578 1423 3613 ex
1461 3559 1598 3613 Gell.
1637 3561 1745 3614 XII
1785 3578 1897 3631 cap.
1941 3562 2022 3615 10.
2060 3562 2274 3617 Miiller.
2314 3560 2597 3616 Eberhard.

387 3632 441 3692 2)
500 3631 800 3698 scripserat
848 3629 999 3684 codd.
1049 3634 1186 3698 opt„
1240 3631 1380 3699 quod
1430 3630 1685 3685 Schwabe
1732 3631 1872 3685 Phil.
1913 3632 1998 3692 30,
2037 3633 2141 3686 336
2190 3633 2456 3695 defendit,
2505 3648 2598 3685 rec.

386 3700 563 3754 Halm.
706 3703 760 3763 3)
798 3700 1122 3754 Praenomen
1167 3699 1222 3753 G
1263 3717 1324 3753 ex
1365 3701 1499 3755 dett.
1533 3699 1685 3754 codd.
1725 3701 1938 3755 addidit
1973 3702 2182 3756 Miiller
2327 3705 2379 3769 4)
2417 3701 2600 3769 Semo

387 3788 505 3824 unc.
539 3770 663 3823 incl.
701 3771 926 3835 Kayser.
1037 3772 1091 3828 5)
1122 3771 1255 3825 Unc.
1292 3788 1406 3841 pos,
1445 3770 1766 3834 Pfundtner‚
1806 3771 2104 3839 Eberhard,
2142 3773 2360 3836 Miiller:
2395 3771 2598 3825 nostris

387 3842 491 3893 iam
533 3842 690 3892 antea
725 3839 1014 3893 incluserat
1048 3840 1272 3909 Kayser.
