2669 4354
392 219 475 275 24
1391 232 1608 271 ORATIO

390 405 539 478 Quid
590 410 837 480 postea?
940 407 1242 464 Nescimus
1287 422 1392 476 per
1436 407 1552 462 ista
1595 410 1860 477 tempora
1906 404 2139 463 eosdem
2185 404 2309 463 fere
2356 411 2571 464 sectores

287 493 363 548 81
388 494 565 552 fuisse
601 495 874 552 collorum
924 499 984 550 et
1025 494 1348 551 bonorum?
1436 492 1621 550 Iidem
1651 487 1699 571 ¹)
1748 492 2030 566 denique,
2094 493 2192 564 qui
2240 498 2357 551 tum
2406 492 2572 551 armati

389 583 512 641 dies
559 588 870 654 noctesque
907 581 1365 665 xconcursabant,
1414 581 1507 652 qui
1555 581 1772 638 Romae
1815 585 1983 637 erant
2028 580 2280 653 adsidui,
2328 582 2428 653 qui
2458 579 2571 638 omni

391 676 652 742 tempore
699 672 759 727 in
797 669 1017 741 praeda
1063 673 1122 726 et
1167 669 1228 725 in
1272 669 1552 740 sanguine
1599 668 1996 741 versabantur,
2038 666 2166 724 Sex.
2213 669 2425 727 Roscio
2467 676 2572 726 tem·

390 759 545 830 poris
589 758 743 815 illius
787 756 1166 814 acerbitatem
1205 757 1684 828 iniquitatemque
1724 755 2007 828 obicient,
2066 761 2125 813 et
2169 757 2331 813 illam
2377 757 2574 814 sicario·

390 863 517 902 rum
570 844 1034 918 multitudinem,
1083 845 1143 900 in
1201 860 1313 915 qua
1377 844 1487 915 ipsi
1546 840 1723 901 duces
1768 860 1836 900 ac
1881 844 2174 916 principes
2222 850 2423 918 erant,
2476 844 2573 901 huic

393 933 617 990 crimini
694 932 978 1006 putabunt
1042 930 1198 1004 fore,
1272 932 1369 1003 qui
1439 946 1552 987 non
1622 931 1788 988 modo
1847 931 2068 989 Romae
2135 949 2249 989 non
2305 932 2445 1005 fuit,
2503 929 2575 988 sed

392 1022 654 1093 omnino,
715 1020 850 1092 quid
895 1020 1113 1077 Romae
1175 1024 1464 1093 ageretur,
1521 1019 1763 1076 nescivit
1779 1014 1858 1093 2),
1915 1025 2227 1090 propterea
2282 1020 2436 1091 quod
2487 1016 2574 1077 ruri

288 1105 369 1161 82
391 1107 693 1181 adsiduuS,
741 1124 910 1179 quem
956 1106 1029 1164 ad
1076 1107 1303 1163 modum
1346 1110 1469 1164 tute
1509 1103 1824 1179 confiteris,
1866 1106 2015 1163 fuit?
2103 1107 2345 1180 Vereor,
2390 1125 2467 1165 ne
2508 1109 2577 1163 aut

390 1195 663 1252 molestus
707 1196 812 1251 sim
860 1195 1054 1267 vobis,
1101 1194 1356 1266 iudiceS,
1403 1200 1503 1251 aut
1549 1209 1622 1251 ne
1668 1194 1918 1266 ingeniis
1964 1195 2172 1252 vestris
2217 1195 2421 1253 videar
2466 1190 2577 1252 diffi-

390 1283 564 1356 dere,
620 1284 668 1339 si
727 1282 799 1340 de
861 1287 979 1339 tam
1016 1282 1337 1354 perspicuis
1377 1282 1551 1339 rebus
1600 1280 1813 1338 diutius
1871 1281 2166 1340 disseram.
2256 1283 2461 1341 Erucii
2501 1282 2578 1339 cri·

389 1372 626 1428 minatio
671 1375 825 1442 tota,
868 1375 932 1427 ut
972 1370 1238 1442 arbitror,
1285 1369 1564 1427 dissoluta
1609 1374 1726 1441 est3
1766 1369 1876 1425 nisi
1924 1369 2075 1427 forte
2122 1372 2499 1443 exspectatiS,
2535 1373 2579 1425 ut

389 1458 489 1514 illa
535 1458 776 1529 diluam,
822 1474 970 1528 quae
1015 1456 1087 1513 de
1133 1458 1405 1529 peculatu
1451 1474 1519 1514 ac
1565 1456 1638 1513 de
1686 1457 1809 1513 eius
1853 1456 2006 1514 modi
2051 1458 2225 1515 rebus
2274 1457 2577 1516 commenti·

391 1546 493 1602 ciis
555 1545 816 1602 inaudita
857 1544 1022 1602 nobis
1066 1549 1203 1606 ante
1246 1544 1365 1625 hoc·
1401 1550 1625 1616 tempus
1672 1560 1742 1601 ac
1784 1561 1932 1601 nova
1976 1544 2222 1616 obiecit3
2279 1563 2428 1619 quae
2475 1544 2578 1603 mihi

387 1634 499 1690 iste
554 1633 708 1690 visus
764 1637 855 1690 est
908 1649 979 1689 ex
1041 1633 1235 1704 aliqua
1253 1626 1306 1712 3)
1374 1634 1632 1689 oratione
1687 1631 2043 1705 declamare,
2092 1649 2262 1705 quam
2316 1635 2376 1690 in
2437 1635 2579 1692 alium

388 1736 551 1777 reum
598 1724 1114 1793 commentaretur3
1177 1721 1262 1777 ita
1322 1736 1509 1791 neque
1569 1720 1642 1776 ad
1686 1721 1906 1777 crimen
1953 1721 2249 1793 parricidii
2294 1738 2485 1794 neque
2529 1717 2581 1777 ad

391 1826 561 1881 eum,
624 1809 718 1881 qui
770 1824 999 1866 causam
1055 1807 1220 1877 dicit,
1280 1806 1678 1879 pertinebant:
1738 1807 1811 1864 dc
1870 1808 2075 1880 quibus
2122 1809 2393 1881 quoniam
2439 1808 2581 1867 verbo

393 1898 614 1970 arguit,
673 1896 848 1953 verbo
909 1897 1048 1953 satis
1110 1901 1198 1953 est
1253 1911 1487 1967 negare.
1591 1894 1651 1951 Si
1716 1895 1854 1967 quid
1898 1901 2015 1969 est,
2083 1897 2234 1968 quod
2294 1898 2370 1955 ad
2433 1903 2581 1955 testes

393 1989 683 2057 reservet,
741 1983 822 2040 ibi
867 1999 1093 2055 quoque
1140 1999 1271 2055 nOS,
1334 1987 1399 2039 ut
1442 1983 1503 2039 in
1547 1983 1673 2054 ipsa
1718 1999 1926 2057 causa,
1984 1984 2310 2057 paratiores
2353 1986 2584 2059 reperiet

393 2088 563 2143 quam
608 2071 868 2143 putabat.

284 2150 372 2220 30
566 2158 755 2216 Venio
822 2174 975 2216 nunc
1040 2174 1133 2230 ec,
1195 2173 1304 2229 quo
1367 2174 1459 2215 me
1519 2174 1634 2216 non
1695 2157 1977 2231 cupiditas
2032 2159 2219 2233 ducit,
2288 2159 2393 2218 sed
2451 2158 2580 2217 fides.

287 2250 367 2306 83
389 2247 537 2303 Nam
584 2248 630 2304 si
675 2247 812 2303 mihi
860 2247 1072 2303 liberet
1115 2261 1419 2318 accusare,
1467 2263 1799 2304 accusarem
1848 2248 1992 2305 alios
2030 2249 2252 2320 potiuS,
2300 2265 2372 2305 ex
2406 2247 2582 2321 quibus

386 2350 613 2406 possem
671 2349 965 2406 crescere3
1024 2333 1174 2405 quod
1233 2339 1452 2391 certum
1509 2339 1597 2391 est
1667 2351 1782 2391 non
1846 2334 2071 2409 facere,
2140 2336 2274 2392 dum
2332 2335 2582 2394 utrumvis

389 2421 605 2478 licebit.
708 2422 765 2478 Is
824 2423 978 2479 enim
1032 2420 1171 2477 mihi
1230 2421 1462 2480 videtur
1515 2422 1929 2496 amplissimuS,
1984 2424 2081 2495 qui
2141 2439 2246 2480 sua
2291 2424 2498 2482 virtute
2539 2423 2584 2477 in

390 2510 658 2566 altiorem
711 2511 901 2567 locum
959 2510 1246 2582 pervenit,
1302 2526 1417 2566 non
1474 2512 1571 2581 qui
1617 2509 1919 2567 adscendit
1959 2529 2067 2583 per
2111 2510 2353 2568 alterius
2397 2513 2585 2569 incom-

389 2596 618 2654 modum
666 2602 726 2655 et
771 2597 1173 2654 calamitatem.
1263 2595 1608 2654 Desinamus
1655 2598 1961 2668 aliquando
2008 2614 2079 2656 ea
2124 2600 2407 2672 scrutari,
2461 2612 2583 2672 quae

389 2691 524 2741 sunt
567 2684 794 2742 inania:
856 2701 1196 2757 quaeramus
1238 2685 1320 2742 ibi
1365 2683 1735 2758 maleficium,
1799 2684 1894 2742 ubi
1917 2679 1970 2762 4)
2018 2692 2078 2744 et
2123 2690 2213 2743 est
2258 2691 2319 2743 et
2363 2684 2585 2744 inveniri

386 2777 593 2844 potest.
726 2774 847 2830 Iam
930 2773 1263 2845 intelleges,
1331 2772 1538 2845 Eruci,
1619 2778 1834 2830 certum
1900 2775 2116 2831 crimen
2185 2789 2354 2846 quam
2418 2772 2586 2831 multis

389 2860 812 2932 suspicionibus
872 2865 1244 2934 coarguatur3
1310 2861 1543 2918 tametsi
1590 2876 1776 2932 neque
1825 2862 2016 2918 omnia
2060 2861 2247 2919 dicam
2295 2866 2356 2919 et
2403 2863 2587 2920 leviter

387 2964 563 3005 unum
594 2947 839 3021 quidque
885 2953 1148 3021 tangam3
1192 2964 1381 3020 neque
1418 2948 1569 3005 enim
1603 2948 1662 3004 id
1692 2947 1966 3023 facerem,
2007 2950 2116 3006 nisi
2160 2965 2404 3007 necesse
2438 2952 2585 3016 essct,

386 3040 446 3094 et
497 3035 558 3092 id
618 3038 730 3093 erit
789 3037 937 3108 signi
981 3053 1073 3093 me
1120 3036 1361 3092 invitum
1406 3035 1636 3108 facere,
1697 3036 1846 3108 quod
1891 3053 2005 3094 non
2049 3053 2372 3109 persequar
2391 3031 2444 3118 5)
2486 3038 2587 3094 lon·
2645 3093 2646 3122 ζ

283 3126 363 3183 84
385 3124 542 3196 giuS,
611 3140 782 3195 quam
850 3123 1003 3180 salus
1067 3123 1234 3180 huius
1297 3129 1359 3179 et
1423 3140 1554 3180 mea
1620 3121 1763 3181 fides
1829 3124 2157 3195 postulabit.
2255 3124 2501 3182 Causam
2539 3129 2586 3179 tu

384 3211 602 3267 nullam
659 3211 996 3284 reperiebas
1055 3211 1115 3267 in
1173 3212 1301 3269 Sex.
1348 3210 1583 3268 Roscio:
1630 3217 1689 3269 at
1745 3228 1853 3284 ego
1888 3213 1950 3269 in
1997 3212 2061 3270 T.
2109 3211 2315 3269 Roscio
2359 3212 2586 3285 reperio.

384 3298 599 3355 Tecum
646 3300 799 3355 enim
846 3297 984 3355 mihi
1030 3315 1124 3355 res
1172 3303 1283 3372 est,
1340 3298 1403 3356 T.
1449 3298 1653 3372 Rosci,
1716 3302 1987 3371 quoniam
2031 3301 2161 3357 istic
2208 3299 2377 3358 sedes
2435 3317 2503 3358 ac
2540 3305 2585 3355 te

558 3569 611 3636 1)
658 3565 824 3619 iidem
879 3568 1120 3620 Heracus
1140 3609 1152 3632 ,
1213 3566 1366 3619 codd.
1411 3566 1471 3621 ii.
1556 3567 1833 3633 Iidemque
1870 3566 2093 3620 Richter
2150 3568 2287 3634 (sine
2341 3567 2585 3636 denique).

383 3641 436 3705 2)
474 3638 700 3690 nescivit
737 3637 872 3691 coni.
909 3636 1160 3705 Madvig:
1208 3637 1441 3690 nesciret
1477 3636 1629 3691 codd.
1786 3639 1841 3703 3)
1881 3637 2074 3704 aliqua
2110 3637 2418 3703 Eberhard,
2457 3635 2585 3692 codd.

382 3709 514 3762 alia.
726 3709 781 3776 4)
823 3708 909 3760 Sic
947 3707 1283 3770 Steinmetz.;
1332 3707 1485 3761 codd.
1534 3708 1722 3775 pleriq.
1762 3723 2099 3774 quaeramus
2147 3708 2245 3760 ubi
2279 3710 2584 3776 maleficium

378 3779 498 3841 ubi,
552 3778 645 3831 alii
695 3794 781 3844 qu.
828 3778 1010 3846 males.
1049 3777 1175 3840 ubi..
1356 3781 1409 3844 5)
1452 3793 1759 3846 persequar
1794 3778 2050 3842 Lambin3
2099 3778 2248 3831 codd.
2278 3790 2584 3847 prosequar,

380 3849 521 3919 quod
557 3851 780 3902 tuentur
815 3849 981 3902 Halm
1019 3851 1074 3901 et
1108 3848 1435 3901 Fleckeisen.
