2669 4354
388 228 420 280 ‘2
431 227 514 282 40
1383 240 1602 280 ORATIO

384 417 709 475 volneribus
769 416 1024 489 acceptis
1079 432 1147 474 ac
1171 409 1222 496 1)
1288 415 1591 474 debilitato
1650 430 1893 487 corpore
1962 421 2025 472 et
2084 413 2471 472 contrucidato
2527 432 2583 472 se

386 504 600 563 abiecit
659 506 1018 562 exanimatus
1071 522 1261 576 neque
1309 504 1430 561 ulla
1476 504 1593 560 alia
1638 520 1702 561 re
1760 503 1832 561 ab
1888 520 1952 561 se
2016 510 2260 561 mortem
2314 504 2422 559 nisi
2477 504 2585 575 opi-

385 595 558 651 nione
602 593 802 651 mortis
849 593 1085 664 depulit.
1192 592 1376 662 Quem
1423 609 1551 648 cum
1608 592 1899 649 iacentem
1958 597 2019 649 et
2076 592 2364 649 concisum
2423 591 2587 664 pluri-

385 684 492 738 mis
522 680 869 752 volneribuS,
917 685 1173 738 extremo
1211 680 1435 753 spiritu,
1482 696 1833 752 exsanguem
1866 684 1926 737 et
1967 678 2290 737 confectum
2321 679 2585 752 viderent,

384 768 803 841 defetigatione
851 768 1033 841 magis
1091 774 1151 825 et
1207 785 1405 826 errore
1457 783 1630 840 quam
1686 768 2085 825 misericordia
2149 774 2211 825 et
2273 767 2437 825 modo
2495 769 2585 825 ali-

283 856 366 912 80
385 857 612 931 quando
673 856 920 914 caedere
979 856 1344 914 destiterunt.
1463 856 1543 914 Et
1599 872 1831 914 causam
1896 856 2037 913 dicit
2097 855 2321 913 Sestius
2379 856 2453 913 de
2505 858 2588 912 vi?

387 946 535 1017 Quid
594 945 716 1002 ita?
785 945 920 1016 quia
976 945 1131 1001 vivit.
1234 944 1313 1001 At
1371 944 1429 1001 id
1485 960 1601 1001 non
1660 960 1766 1001 sua
1824 945 2026 1017 culpa,
2099 945 2273 1017 plaga
2329 961 2448 1002 una
2500 945 2589 1000 illa

387 1038 647 1092 extrema
690 1031 903 1104 defuit,
950 1048 1097 1105 quae
1145 1032 1193 1089 si
1241 1033 1608 1105 accessisset,
1670 1033 1955 1104 reliquum
2002 1034 2267 1105 spiritum
2313 1033 2590 1091 exhausis-

386 1127 490 1178 set.
581 1121 809 1178 Accusa
843 1120 1203 1192 Lentidium3
1258 1136 1374 1177 non
1413 1121 1697 1191 percussit
1741 1122 1930 1177 locum
1954 1117 2051 1195 ²)?
2095 1121 2245 1177 male
2293 1121 2388 1179 dic
2433 1121 2591 1192 Titio,

387 1208 599 1266 Sabino
643 1208 893 1281 homini,
951 1209 1232 1281 Reatino,
1288 1225 1390 1265 cur
1432 1215 1552 1265 tam
1598 1215 1818 1267 temere
1844 1204 1897 1284 3)
1950 1208 2293 1267 exclamarit
2338 1209 2590 1267 occisum.

385 1298 579 1369 Ipsum
621 1312 759 1354 vero
805 1297 942 1369 quid
986 1300 1268 1354 accusas?
1329 1313 1466 1353 num
1509 1296 1695 1354 defuit
1738 1296 1987 1369 gladiis?
2033 1314 2168 1354 num
2214 1297 2590 1369 repugnavit?

282 1376 368 1441 38
386 1403 552 1457 num,
607 1389 671 1441 ut
714 1384 1128 1456 gladiatoribus
1175 1386 1452 1457 imperari
1494 1385 1668 1458 solet,
1726 1383 1946 1442 ferrum
1988 1401 2104 1442 non
2148 1387 2416 1457 recepit?
2514 1386 2591 1442 An

385 1473 531 1531 haec
576 1473 706 1545 ipsa
750 1473 835 1529 vis
883 1479 998 1546 est,
1041 1489 1157 1529 non
1201 1488 1370 1545 posse
1419 1474 1639 1529 emori?
1687 1489 1761 1530 an
1804 1473 1932 1545 illa,
1977 1473 2129 1545 quod
2174 1474 2442 1531 tribunus
2484 1473 2590 1545 ple·

385 1561 474 1618 bis
521 1561 797 1633 templum
845 1562 1210 1619 cruentavit?
1268 1577 1371 1633 an,
1436 1561 1618 1634 quod,
1680 1577 1810 1617 cum
1858 1569 2014 1618 esset
2061 1561 2290 1619 ablatus
2337 1562 2592 1633 primum-

388 1664 500 1721 que
554 1650 884 1722 resipisset,
949 1666 1064 1706 non
1114 1666 1177 1706 se
1231 1647 1440 1706 referri
1494 1648 1696 1708 iussit?
1811 1648 1924 1707 Ubi
1986 1654 2079 1705 est
2135 1649 2404 1707 crimen?
2473 1648 2590 1721 quid

285 1734 363 1791 81
386 1736 814 1810 reprehenditis
835 1730 926 1818 4)?
1015 1737 1126 1793 Hic
1173 1753 1410 1809 quaero,
1450 1737 1700 1809 iudiceS,
1740 1738 1788 1793 si
1832 1737 1932 1794 illo
1980 1736 2073 1794 die
2120 1752 2261 1811 gens
2315 1739 2434 1796 ista
2479 1737 2589 1794 Clo·

386 1825 508 1898 dia,
555 1825 704 1898 quod
751 1825 948 1883 facere
992 1826 1201 1897 voluit,
1251 1824 1567 1897 effecisset,
1614 1825 1662 1881 si
1708 1824 1770 1882 P.
1814 1824 2065 1898 SestiUS,
2117 1826 2214 1896 qui
2261 1843 2373 1898 pro
2422 1825 2589 1883 occiso

386 1914 623 1971 relictus
680 1919 794 1986 est,
867 1913 1088 1971 occisus
1146 1916 1326 1985 esset,
1403 1912 1670 1971 fuistisne
1727 1913 1801 1971 ad
1861 1928 2022 1970 arma
2082 1914 2262 1970 ituri?
2337 1912 2588 1972 fuistisne

386 2018 485 2059 vos
531 2003 606 2060 ad
664 2002 914 2073 patrium
959 2002 1120 2058 illum
1174 2001 1428 2057 animum
1482 2002 1875 2073 maiorumque
1930 2001 2200 2059 virtutem
2258 2000 2590 2060 excitaturi?

385 2090 653 2147 fuistisne
709 2089 1017 2162 aliquando
1072 2106 1196 2148 rem
1251 2088 1543 2161 publicam
1596 2106 1632 2145 a
1684 2088 1915 2147 funesto
1974 2090 2200 2146 latrone
2257 2090 2588 2163 repetituri?

387 2196 462 2236 an
509 2179 686 2236 etiam
739 2184 862 2235 tum
908 2175 1311 2252 quiesceretis,
1389 2179 1839 2251 cunctaremini,
1915 2177 2233 2252 timeretiS,
2297 2195 2432 2236 cum
2484 2194 2586 2235 rem
2647 2180 2648 2221 ῑ

386 2265 676 2339 publicam
732 2282 768 2323 a
821 2265 1318 2324 facinerosissimis
1376 2267 1598 2324 sicariis
1659 2273 1721 2324 et
1777 2282 1811 2322 a
1857 2266 2037 2323 servis
2095 2282 2221 2323 esse
2270 2282 2587 2340 oppressam
2647 2298 2648 2303 κ

388 2359 562 2426 atque
611 2353 1007 2411 conculcatam
1029 2349 1080 2433 5)
1137 2354 1460 2412 videretis?
1563 2353 1739 2412 Cuius
1784 2354 1961 2427 igitur
2005 2359 2251 2411 mortem
2298 2356 2587 2414 ulciscere-

386 2441 557 2512 mini,
617 2442 666 2498 si
711 2442 941 2515 quidem
985 2440 1155 2500 liberi
1202 2459 1331 2500 esse
1374 2447 1434 2499 et
1479 2441 1697 2500 habere
1743 2459 1867 2500 rem
1912 2441 2201 2514 publicam
2250 2442 2585 2516 cogitaretiS,

388 2530 460 2587 dc
511 2530 633 2587 eius
678 2531 890 2588 virtute
936 2530 1056 2587 vivi
1102 2530 1238 2602 quid
1283 2546 1383 2587 vos
1428 2531 1581 2602 loqui
1601 2575 1615 2602 ,
1663 2530 1800 2603 quid
1846 2531 2065 2588 sentire
2085 2574 2100 2602 ,
2144 2530 2282 2603 quid
2330 2533 2586 2603 cogitare,

285 2616 365 2672 82
388 2617 526 2690 quid
584 2617 844 2676 iudicare
891 2623 1184 2689 oporteat,
1249 2618 1629 2675 dubitandum
1680 2619 1942 2691 putatis?
2042 2621 2118 2674 At
2164 2635 2305 2676 vero
2355 2621 2468 2693 ipsi
2517 2615 2586 2674 illi

386 2706 743 2780 parricidae,
805 2722 1043 2777 quorum
1102 2705 1415 2764 effrenatus
1474 2705 1635 2764 furor
1689 2707 1862 2763 alitur
1908 2707 2252 2778 impunitate
2310 2707 2585 2775 diuturna,

388 2794 534 2852 adeo
592 2794 707 2851 vim
767 2794 1040 2851 facinoris
1099 2795 1188 2851 sui
1248 2794 1708 2866 perhorruerunt
1731 2787 1810 2874 ⁶),
1880 2800 1970 2867 ut,
2040 2793 2087 2849 si
2140 2796 2315 2867 paulo
2386 2795 2589 2867 longior

386 2883 581 2954 opinio
626 2883 826 2939 mortis
885 2881 1057 2940 Sestii
1114 2881 1342 2956 fuisset,
1404 2880 1726 2940 Gracchum
1786 2882 1948 2939 illum
2004 2897 2166 2938 suum
2212 2880 2586 2942 transferendi

384 2971 445 3027 in
486 2988 591 3028 nos
636 2971 892 3027 criminis
938 2985 1113 3028 causa
1159 2969 1427 3028 occidere
1476 2970 1801 3043 cogitarint.
1893 2970 2087 3028 Sensit
2130 2972 2446 3029 rusticulus
2489 2986 2585 3026 non

385 3059 650 3116 incautus
700 3091 780 3098 —
844 3074 1034 3130 neque
1082 3059 1234 3114 enim
1279 3058 1540 3115 homines
1587 3075 1835 3130 nequam
1888 3064 2085 3116 tacere
2141 3065 2461 3132 potuerunt
2517 3088 2583 3097 —-

386 3164 549 3204 suum
619 3147 952 3220 sanguinem
1022 3147 1225 3219 quaeri
1296 3146 1371 3204 ad
1435 3145 1909 3220 restinguendam
1982 3146 2257 3204 invidiam
2330 3145 2584 3205 facinoris

389 3234 675 3292 Clodiani:
724 3235 1058 3293 mulioniam
1103 3234 1411 3306 paenulam
1452 3234 1730 3308 adripuit,
1778 3250 1909 3291 cum
1949 3251 2061 3306 qua
2090 3237 2339 3308 primum
2365 3235 2584 3292 Romam

386 3323 460 3380 ad
507 3324 739 3380 comitia
781 3327 1055 3396 venerat3
1117 3323 1397 3381 messoria
1442 3340 1505 3380 se
1553 3323 1725 3380 corbe
1783 3323 2062 3381 contexit.
2166 3322 2308 3380 Cum
2364 3337 2583 3396 quaere-

526 3579 578 3646 1)
625 3595 692 3632 ac
737 3579 995 3634 Garatoni
1035 3583 1091 3634 et
1126 3582 1336 3648 Kayser
1372 3580 1521 3633 uncis
1561 3581 1753 3634 incluS.
1980 3581 2034 3648 2)
2086 3587 2261 3635 totum
2309 3575 2576 3634 Eberhard.
2647 3604 2648 3633 ι

384 3651 438 3716 3)
493 3648 580 3728 Sic
626 3650 741 3703 cod.
789 3651 936 3714 Par.;
997 3652 1116 3713 alii,
1165 3652 1304 3722 quod
1352 3651 1409 3704 in
1454 3651 1647 3704 ceteris
1697 3651 1847 3704 codd.
1898 3654 2003 3714 est,
2064 3659 2299 3718 tempore
2345 3653 2422 3706 vel
2468 3655 2577 3701 tem-
2647 3680 2648 3707 1

372 3721 934 3858 {Tghpfflffims
1064 3725 1119 3789 4)
1161 3722 1249 3859 Ἓξ
1284 3721 1912 3846 ξῗὲθαῗιίῖἷῶὃθῖξὲἷὲἲ
1951 3722 2113 3845 3333·
2152 3716 2576 3846 &233222222‘35‘5
2647 3764 2648 3809 ³

383 3868 724 3931 occupatam.
894 3864 948 3930 6)
980 3863 1410 3930 perhorruerant
1444 3863 1609 3916 Halm
1649 3880 1711 3916 ex
1751 3863 1863 3916 cod.
1903 3861 2110 3916 Gembl.
