2669 4354
819 288 887 326 IN
931 285 1110 326 ΜΑΒΟ.
1157 286 1489 326 ΑΝΤΟΝΝΜ.
2138 271 2262 327 363

73 354 2095 364 mmm-*—
2104 355 2229 360 -2-0—

72 468 378 535 >questrem
422 462 712 536 ordinem,
770 462 870 534 qui
914 466 1032 519 tum
1078 478 1208 519 cum
1252 465 1458 531 senatu
1512 461 1814 534 copulatus
1857 459 1997 534 fuit,
2057 477 2266 520 accusa

72 567 243 608 ›mnes
291 548 554 625 ordineS‚
613 566 814 608 omnes
855 551 1041 623 cives,
1096 549 1231 607 dum
1276 546 1590 607 confiteare
1643 549 1797 606 hunc
1842 548 2101 607 ordinem
2154 549 2264 607 hoc

75 656 166 710 pso
221 644 487 711 tempore
540 637 614 696 ab
672 638 922 695 Ituraeis
976 637 1402 695 circumsederi.
1514 637 1678 694 Haec
1733 641 1797 695 tu
1856 654 1973 695 non
2024 642 2264 710 propter

72 726 348 784 tudaciam
395 725 539 783 dicis
583 731 699 783 tam
747 725 1140 799 impudenter,
1194 726 1298 784 sed
1345 725 1507 799 quia,
1555 741 1684 781 cum
1704 718 1755 804 1)
1802 729 2024 782 tantam
2066 741 2265 783 rerum

73 814 487 888 ·epugnantiam
546 830 666 872 non
707 813 936 886 videas,
993 813 1139 871 nihil
1196 812 1460 886 profecto
1507 813 1678 885 sapiS.
1783 811 1933 883 Quid
1981 817 2070 871 est
2111 813 2264 870 enim

72 902 370 961 lementius
416 917 612 974 quam,
674 918 804 959 cum
857 902 945 958 rei
997 901 1265 973 publicae
1321 901 1651 974 perniciosa
1705 916 1869 958 arma
1918 901 2044 972 ipse
2092 916 2265 974 cepe-

72 991 151 1065 ris,
225 990 464 1049 obicere
526 989 698 1047 alteri
755 990 1068 1047 salutaria?
1186 989 1265 1047 At
1326 990 1501 1047 etiam
1556 987 1804 1060 quodam
1860 989 1985 1047 loco
2043 987 2265 1047 facetus
2286 992 2369 1049 20

72 1094 171 1136 {sse
219 1077 468 1136 voluisti.
560 1077 743 1149 Quam
782 1076 844 1134 id
888 1082 976 1150 te,
1039 1077 1097 1134 di
1142 1077 1304 1151 boni,
1368 1094 1483 1135 non
1528 1075 1805 1135 decebat!
1906 1077 1974 1134 In
2019 1093 2134 1149 quo
2178 1082 2268 1135 est

72 1183 146 1224 2ua
192 1167 367 1239 culpa
426 1182 542 1223 non
600 1165 783 1238 nulla3
842 1165 1058 1236 aliquid
1109 1165 1263 1222 enim
1322 1165 1458 1223 salis
1505 1180 1542 1221 a
1586 1165 1761 1222 mima
1806 1181 1985 1223 uxore
2029 1165 2264 1222 trahere

72 1255 300 1324 ›otuisti
396 1252 653 1312 ‘Cedant
703 1269 865 1310 arma
919 1249 1133 1324 togae'.
1246 1252 1436 1324 Quid?
1497 1257 1621 1310 tum
1680 1269 1871 1311 nonne
1928 1255 2267 1310 cesserunt?

72 1343 124 1399 lt
177 1347 389 1415 postea
445 1341 561 1399 tuis
620 1341 793 1399 armis
854 1341 1029 1399 cessit
1087 1347 1235 1413 toga.
1359 1341 1713 1412 Quaeramus
1787 1340 1998 1414 igitur,
2074 1346 2267 1399 utrum

72 1430 255 1488 nelius
318 1428 530 1502 fuerit,
595 1429 852 1487 libertati
906 1429 1104 1501 populi
1156 1427 1404 1486 Romani
1464 1428 1881 1487 sceleratorum
1929 1445 2122 1502 arma,
2190 1444 2267 1486 an

73 1519 379 1576 ibertatem
417 1522 671 1574 nostram
717 1517 892 1574 armis
936 1517 1051 1574 tuis
1096 1515 1322 1574 cedere.
1427 1517 1553 1574 Nec
1607 1532 1746 1574 vero
1805 1516 1912 1574 tibi
1967 1516 2041 1574 de
2087 1517 2268 1575 versi-

72 1623 147 1663 )us
191 1607 364 1678 plura
423 1603 817 1677 respondeb03
892 1609 1117 1663 tantum
1171 1604 1356 1662 dicam
1415 1605 1702 1677 breviter,
1775 1609 1835 1661 te
1891 1620 2080 1676 neque
2137 1604 2268 1662 illos

72 1709 234 1766 leque
297 1693 445 1750 ullas
504 1693 734 1751 omnino
789 1692 1018 1750 litteras
1072 1708 1277 1767 nosse,
1353 1709 1444 1751 me
1507 1706 1618 1749 nec
1677 1692 1766 1748 rei
1822 1690 2090 1763 publicae
2158 1707 2269 1749 nec

72 1782 244 1839 imicis
291 1797 561 1852 umquam
606 1779 862 1838 defuisse
925 1786 983 1838 et
1042 1785 1237 1838 tamen
1300 1780 1457 1838 omni
1515 1796 1734 1852 genere
1786 1780 2267 1838 monimentorum

73 1885 308 1928 neorum
373 1868 691 1941 perfecisse
713 1864 792 1945 2),
880 1874 946 1925 ut
1008 1884 1174 1927 meae
1240 1868 1477 1939 vigiliae
1557 1882 1837 1939 meaeque
1903 1868 2138 1926 litterae
2208 1871 2270 1926 et

76 1957 331 2016 uventuti
389 1957 656 2014 utilitatis
712 1961 774 2013 et
803 1978 806 1979 ⁷
835 1956 1054 2013 nomini
1109 1955 1370 2014 Romano
1429 1955 1615 2013 laudis
1676 1954 1894 2027 aliquid
1950 1953 2265 2014 adferrent.

72 2044 162 2104 Sed
203 2045 355 2103 haec
404 2061 518 2102 non
562 2044 732 2102 huius
778 2045 1079 2117 temporis3
1124 2045 1345 2102 maiora
1386 2044 1682 2102 videamus
1705 2036 1778 2123 3).

220 2133 287 2192 P.
337 2132 622 2191 Clodium¹
654 2148 783 2191 meo
838 2133 1077 2191 consilio
1135 2130 1508 2190 interfectum
1570 2147 1698 2190 esse
1767 2130 1979 2189 dixisti.
2092 2129 2329 2202 Quid-9

72 2238 178 2279 iam
223 2222 487 2280 homines
525 2226 824 2293 putarent,
884 2221 930 2278 si
982 2226 1104 2278 tum
1155 2222 1379 2278 occisus
1435 2225 1615 2294 esset,
1686 2236 1815 2277 cum
1866 2223 1928 2276 tu
1987 2219 2147 2276 illum
2207 2220 2270 2276 in
2290 2230 2369 2286 21

72 2309 170 2367 z'oro
234 2314 539 2382 spectante
561 2303 616 2388 ⁴³)
677 2310 889 2382 populo
945 2308 1207 2367 Romano
1274 2308 1467 2380 gladio
1485 2302 1537 2386 5)
1599 2310 1892 2367 insecutus
1962 2324 2024 2365 es
2091 2322 2270 2380 nego-

72 2398 305 2470 ziumque
360 2398 769 2470 transegisses‚
833 2398 944 2454 nisi
1003 2414 1067 2455 se
1115 2396 1214 2454 ille
1287 2398 1350 2454 in
1408 2397 1595 2454 scalas
1651 2395 1933 2454 tabernae
1993 2395 2269 2454 librariae

72 2487 395 2544 :oniecisset
438 2486 624 2557 iisque
670 2485 939 2557 oppilatis
983 2485 1262 2556 impetum
1313 2489 1472 2542 tuum
1519 2484 1993 2557 compressisset?
2110 2483 2271 2554 Quod

72 2574 283 2644 laidem
335 2590 442 2645 ego
489 2572 699 2631 favisse
739 2590 830 2630 me
876 2573 984 2631 tibi
1028 2572 1247 2646 fateor,
1306 2572 1558 2629 suasisse
1604 2589 1679 2630 ne
1725 2576 1788 2629 tu
1831 2570 2064 2643 quidem
2108 2572 2270 2631 diciS.

72 2662 128 2719 At
168 2662 378 2719 Miloni
436 2677 510 2719 ne
564 2659 762 2720 favere
808 2660 1040 2734 quidem
1099 2660 1286 2732 potui3
1346 2660 1506 2731 prius
1570 2660 1723 2717 enim
1785 2676 1909 2717 rem
1969 2660 2271 2732 transegit,

72 2766 213 2820 luam
260 2750 562 2822 quisquam
610 2764 741 2807 eum
798 2748 1084 2808 facturum
1148 2747 1207 2805 id
1276 2748 1682 2819 suspicaretur.
1788 2748 1868 2804 At
1927 2763 2034 2818 ego
2098 2748 2270 2805 suasi.

72 2836 286 2896 Scilicet
344 2838 396 2895 is
444 2836 668 2895 animus
713 2842 842 2895 erat
887 2820 1122 2894 Milonis
1142 2880 1158 2909 ‚
1215 2839 1284 2893 ut
1334 2835 1611 2907 prodesse
1673 2835 1760 2893 rei
1821 2835 2089 2908 publicae
2145 2834 2270 2892 sine

72 2942 287 2985 suasore
334 2942 450 2983 non
504 2929 716 2997 posset.
819 2924 899 2982 At
950 2924 1203 2982 laetatus
1262 2939 1404 2980 sum.
1524 2922 1672 2994 Quid
1735 2926 1914 2995 ergo?
1991 2923 2053 2979 in
2107 2926 2272 2979 tanta

77 3014 272 3071 aetitia
348 3017 588 3071 cunctae
665 3013 916 3070 civitatis
989 3029 1083 3070 me
1158 3028 1333 3069 unum
1420 3011 1644 3070 tristem
1720 3027 1849 3069 esse
1924 3010 2273 3083 oportebat?

72 3100 404 3174 Quamquam
459 3100 532 3158 de
579 3106 764 3159 morte
812 3099 997 3158 Clodii
1056 3099 1166 3158 fuit
1225 3099 1490 3171 quaestio
1547 3131 1630 3140 --
1692 3116 1807 3157 non
1832 3092 1884 3177 6)
1941 3098 2080 3156 satis
2138 3115 2274 3169 pru·
2294 3107 2374 3163 22

72 3188 258 3248 lenter
316 3189 421 3247 illa
487 3187 719 3261 quidem
780 3190 1115 3260 constituta3
1182 3187 1318 3261 quid
1367 3187 1519 3246 enim
1582 3187 1871 3245 attinebat
1927 3202 2079 3244 nova
2137 3187 2270 3258 lege

72 3278 252 3346 luaeri
301 3276 375 3334 de
425 3293 524 3351 e0,
579 3278 676 3349 qui
720 3277 1007 3334 hominem
1051 3275 1387 3347 occidisset,
1445 3293 1573 3333 cum
1621 3281 1778 3334 esset
1819 3273 2044 3348 legibus
2090 3289 2270 3345 quae-

194 3478 249 3542 1)
287 3491 408 3529 cum
445 3474 593 3528 deest
628 3475 681 3527 in
722 3474 906 3544 codd„
944 3474 1157 3527 addidit
1192 3474 1383 3536 Halm,
1430 3473 1598 3540 vulgo
1636 3474 1836 3541 qui—
1872 3473 2033 3527 vides.
2098 3472 2274 3526 Nihil.

72 3544 206 3599 Koch
247 3550 302 3601 et
335 3544 614 3599 Eberhard
646 3545 779 3613 quia
816 3578 883 3585 -
919 3543 1067 3597 vides
1101 3543 1268 3613 [nihil
1290 3559 1381 3610 pr.
1419 3544 1617 3613 sapis}
1832 3545 1885 3611 2)
1940 3543 2115 3611 operis
2151 3543 2276 3596 sub·

72 3615 242 3669 meinis
279 3616 483 3670 addunt
508 3615 659 3672 codd.
699 3632 832 3679 rec.;
866 3616 933 3670 cf.
961 3614 1027 3668 de
1050 3633 1122 3668 or.
1153 3614 1208 3667 H
1247 3618 1275 3678 ἓ
1302 3614 1407 3668 364
1442 3614 1727 3667 subsicivis
1763 3614 1964 3683 operis,
2000 3618 2065 3666 ut
2099 3613 2274 3668 aiumt.

72 3686 111 3752 3)
169 3686 260 3743 Sic
293 3687 495 3750 Vatic.;
551 3686 627 3739 ad
673 3686 891 3739 maiora
939 3685 1219 3738 veniamus
1265 3683 1418 3737 codd.
1468 3687 1674 3737 recent.
1882 3685 1938 3753 4)
1998 3684 2086 3739 Sic
2134 3685 2276 3746 Vat„

72 3757 220 3821 vulgo
264 3774 323 3810 ex
360 3756 494 3811 dett.
530 3756 677 3810 codd.
724 3756 1083 3824 inspectante,
1133 3758 1195 3807 ut
1246 3753 1410 3808 etiam
1456 3754 1622 3807 schol.
1658 3754 1786 3808 Bob.
1824 3754 1893 3808 ad
1942 3772 2017 3808 or.
2073 3772 2124 3823 p.
2161 3754 2276 3808 Mil.

72 3826 89 3892 ᾗ
122 3826 197 3881 40
232 3826 407 3881 habet.
632 3829 685 3889 5)
737 3827 912 3880 Antea
948 3842 1009 3878 ex
1047 3826 1178 3879 dett.
1218 3824 1370 3877 codd.
1421 3824 1542 3878 add.
1595 3826 1797 3878 stricta
2009 3827 2061 3888 6)
2099 3826 2277 3877 Verba

72 3911 174 3947 aon
209 3896 345 3950 satis
381 3927 445 3935 —
486 3897 789 3964 quaesitum
822 3902 900 3949 est
934 3903 1117 3951 tamen
1150 3895 1498 3963 parenthesin
1532 3912 1648 3950 esse
1687 3894 1893 3963 primus
1930 3894 2069 3948 vidit
2095 3894 2271 3947 Halm.
