2669 4354
889 268 1070 306 mmm
1112 267 1401 317 QVARTVS.
2129 251 2255 311 335

90 439 211 498 nodo
279 440 542 497 manibus
607 442 838 514 attingi,
909 439 1009 498 sed
1081 457 1153 498 ne
1215 440 1566 511 cogitatione
1626 439 1856 512 quidem
1903 441 2106 498 violari
2170 441 2259 501 fas

90 529 164 586 uit.
272 528 598 586 Sacrarium
658 528 888 587 Cereris
945 534 1035 585 est
1086 529 1235 600 apud
1298 527 1641 586 Catinenses
1700 528 1903 586 eadem
1958 530 2258 603 religione,

88 632 156 687 [ua
181 608 451 689 Romae,
512 632 626 688 qua
671 618 730 672 in
794 616 1006 673 ceteris
1052 616 1222 689 lociS,
1279 633 1392 688 qua
1447 632 1626 689 prope
1677 616 1736 673 in
1784 621 1906 673 toto
1953 615 2092 674 orbe
2137 622 2256 675 ter-

88 720 251 761 arum.
352 705 421 760 In
469 719 538 761 eo
584 705 840 762 sacrario
884 706 1085 762 intimo
1133 705 1356 778 signum
1404 702 1513 760 fuit
1560 702 1792 762 Cereris
1836 705 2257 779 perantiquum,

88 793 191 862 [uod
238 792 349 849 viri
394 808 507 849 non
553 792 721 850 modo
767 793 928 850 cuius
969 792 1119 850 modi
1169 798 1351 863 esset,
1409 791 1508 849 sed
1551 808 1625 849 ne
1675 808 1800 849 esse
1836 791 2068 863 quidem
2112 794 2257 850 scie-

88 885 208 953 ›ant3
285 879 478 937 aditus
538 881 693 938 enim
747 881 808 936 in
862 881 920 938 id
993 881 1308 938 sacrarium
1371 895 1484 936 non
1546 886 1633 937 est
1704 880 1864 936 viris:
1934 895 2099 938 sacra
2150 898 2259 952 per

88 969 317 1027 uulieres
375 985 445 1026 ac
509 969 761 1041 virgines
824 965 1025 1026 confici
1087 968 1287 1026 solent.
1402 967 1526 1024 Hoc
1592 968 1818 1039 signum
1876 972 2049 1025 noctu
2111 969 2257 1026 clam

88 1057 205 1113 stius
250 1057 406 1114 servi
448 1074 519 1114 ex
563 1056 661 1114 illo
708 1056 1137 1129 religiosissimo
1181 1061 1354 1127 atque
1401 1055 1794 1126 antiquissimo
1839 1055 1965 1113 loco
1979 1048 2028 1135 ¹)
2072 1061 2257 1113 sustu-

88 1150 252 1202 erunt.
345 1143 632 1201 Postridie
689 1143 1019 1201 sacerdotes
1065 1143 1298 1202 Cereris
1358 1149 1530 1219 atque
1591 1142 1748 1200 illius
1795 1142 1916 1200 fani
1964 1143 2258 1202 antistitae

88 1233 290 1290 naiores
333 1237 498 1304 natu,
544 1232 822 1304 probatae
871 1248 940 1289 ac
984 1232 1206 1289 nobiles
1251 1231 1554 1304 mulieres,
1599 1247 1724 1288 rem
1770 1230 1844 1288 ad
1890 1231 2261 1302 magistratus

90 1336 172 1377 uos
214 1319 506 1378 deferunt.
598 1318 874 1377 Omnibus
919 1320 1220 1391 acerbum,
1263 1318 1588 1391 indignum,
1645 1318 1969 1376 luctuosum
2013 1318 2261 1391 denique

88 1408 365 1466 idebatur.
459 1406 604 1465 Tum
651 1410 763 1465 iste
811 1412 1106 1480 permotus
1157 1407 1257 1464 illa
1275 1401 1326 1483 2)
1383 1407 1690 1463 atrocitate
1751 1407 2001 1479 negotii,
2065 1412 2130 1464 ut
2187 1406 2260 1464 ab
2285 1412 2406 1468 100

91 1512 114 1551 c
151 1496 390 1553 sceleris
431 1496 585 1553 illius
637 1496 886 1569 suspicio
946 1495 1377 1567 demoveretur,
1436 1493 1536 1568 dat
1601 1494 1809 1566 hospiti
1876 1510 1978 1552 suo
2035 1493 2261 1552 cuidam

88 1585 335 1657 negotium
355 1628 370 1657 ,
425 1590 489 1641 ut
533 1584 783 1655 aliquem
828 1583 1141 1655 reperiret,
1206 1598 1374 1653 quem
1432 1580 1574 1638 illud
1621 1581 1829 1639 fecisse
1881 1582 2261 1655 insimularet,

86 1670 330 1744 lai-etque
378 1688 641 1745 operam,
718 1676 783 1728 ut
833 1673 882 1729 is
936 1687 1005 1728 eo
1061 1671 1300 1727 crimine
1347 1669 1741 1742 damnaretur,
1817 1685 1891 1726 ne
1934 1669 2060 1742 ipse
2108 1676 2265 1728 esset

85 1778 112 1816 n
161 1760 416 1817 crimine.
522 1759 642 1816 Res
704 1775 820 1816 non
891 1758 1363 1831 procrastinatur.
1484 1757 1633 1813 Nam
1694 1773 1822 1813 cum
1880 1757 1991 1814 iste
2056 1755 2264 1815 Catina

87 1847 340 1906 ›rofectus
392 1854 575 1920 esset,
638 1848 790 1904 servi
847 1846 1141 1904 cuiusdam
1198 1861 1410 1903 nomen
1472 1843 1762 1903 defertur:
1832 1844 1881 1900 is
1938 1851 2261 1919 accusatur,

86 1932 162 1991 icti
221 1942 403 1993 testes
463 1937 523 1993 in
585 1952 713 1993 eum
776 1934 1012 1992 dantur:
1081 1950 1201 1991 rem
1268 1936 1509 1990 cunctus
1569 1938 1801 1990 senatus
1866 1930 2262 1990 Catinensium

87 2023 269 2095 egibus
314 2023 627 2081 iudicabat.
719 2021 1062 2080 Sacerdotes
1104 2025 1408 2079 vocantur:
1455 2036 1525 2077 ex
1569 2020 1641 2077 iis
1689 2020 1986 2091 quaeritur
2032 2025 2260 2079 secreto

88 2127 114 2166 n
174 2112 363 2186 curia,
436 2111 571 2184 quid
639 2127 766 2168 esse
833 2110 1047 2168 factum
1126 2108 1575 2183 arbitrarentur,
1649 2123 1817 2180 quem
1885 2107 1957 2165 ad
2033 2107 2260 2165 modum

86 2200 267 2272 ignum
332 2206 491 2259 esset
549 2199 819 2257 ablatum.
925 2198 1298 2270 Respondent
1356 2197 1492 2253 illae
1549 2198 1832 2268 praetoris
1891 2197 1951 2254 in
2011 2212 2081 2254 eo
2135 2196 2262 2253 loco

86 2304 241 2345 tervos
297 2305 425 2346 esse
497 2288 663 2346 visos.
780 2286 926 2360 Res,
992 2303 1140 2358 quae
1203 2291 1360 2344 esset
1418 2285 1534 2342 iam
1596 2289 1770 2342 antea
1825 2301 1939 2342 non
2000 2282 2261 2357 obscura,

86 2377 406 2434 zacerdotum
453 2375 785 2434 testimonio
830 2375 1135 2446 perspicua
1181 2389 1307 2430 esse
1358 2374 1565 2445 coepit.
1670 2373 1795 2429 Itur
1833 2372 1891 2429 in
1935 2371 2261 2430 consilium:
2320 2429 2325 2432 Α

86 2478 241 2521 -ervus
298 2465 400 2522 ille
456 2466 732 2521 innocens
795 2463 1055 2519 omnibus
1106 2461 1411 2518 sententiis
1471 2460 1811 2534 absolvitur,
1868 2477 1981 2532 quo
2037 2458 2263 2516 facilius

86 2566 145 2607 vos
198 2552 348 2609 hunc
411 2550 675 2609 omnibus
722 2550 1026 2607 sententiis
1086 2546 1471 2606 condemnare
1532 2548 1779 2619 possitis,
1896 2546 2043 2616 Quid
2109 2548 2261 2605 enim
2288 2547 2406 2611 10'1

86 2641 327 2711 ›ostulas,
397 2640 652 2697 Verres?
728 2638 862 2710 quid
923 2640 1157 2710 speras?
1231 2634 1368 2708 quid
1424 2640 1727 2706 exspectas
1749 2629 1842 2712 ³)‘?
1921 2652 2090 2707 quem
2154 2634 2261 2692 tibi

84 2732 145 2782 lut
183 2728 351 2785 deum
399 2734 498 2785 aut
544 2727 830 2785 hominem
879 2726 1099 2783 auxilio
1143 2722 1398 2781 futurum
1443 2725 1654 2795 putas?
1741 2723 1906 2781 Eone
1954 2730 2016 2779 tu
2063 2738 2263 2780 servos

84 2813 122 2868 al
165 2815 518 2887 spoliandum
568 2815 763 2871 fanum
826 2815 1139 2871 immittere
1187 2828 1361 2869 ausus
1411 2827 1500 2880 eS,
1562 2825 1672 2881 quo
1718 2810 1930 2868 liberos
1977 2809 2139 2867 adire
2187 2826 2261 2867 ne

84 2904 242 2961 »randi
289 2904 520 2975 quidem
580 2918 756 2959 causa
811 2900 901 2959 fas
946 2902 1110 2958 erat?
1170 2900 1317 2956 iisne
1375 2899 1550 2956 rebus
1605 2914 1806 2955 manus
1863 2896 2094 2955 adferre
2149 2914 2262 2954 non

84 2988 345 3065 lubitasti,
415 3007 451 3048 a
517 2988 719 3062 quibus
781 2989 955 3046 etiam
1019 2988 1213 3046 oculos
1272 2985 1541 3043 cohibere
1606 2991 1665 3042 te
1726 2986 2067 3058 religionum
2135 2985 2264 3042 iura

84 3077 372 3149 egebant?
462 3078 719 3136 Tametsi
783 3094 855 3135 ne
904 3078 1086 3134 oculis
1133 3075 1365 3147 quidem
1416 3080 1616 3147 captus
1673 3074 1733 3130 in
1791 3073 1942 3130 hanc
2001 3072 2261 3130 fraudem

84 3180 160 3221 am
206 3168 547 3223 sceleratam
612 3181 682 3222 ac
745 3170 860 3222 tam
924 3162 1208 3222 nefariam
1265 3162 1561 3221 decidisti:
1626 3176 1757 3218 nam
1808 3161 1867 3218 id
1926 3161 2263 3233 concupisti,

84 3253 193 3321 {uod
237 3270 542 3325 numquam
586 3253 842 3325 videraS,
887 3253 977 3325 id,
1021 3253 1285 3323 inquam,
1348 3249 1662 3319 adamasti,
1724 3248 1875 3320 quod
1927 3253 2103 3306 antea
2147 3264 2260 3305 non

84 3356 364 3411 spexeras.
457 3341 711 3399 Auribus
769 3347 832 3397 tu
892 3345 1112 3397 tantam
1174 3338 1551 3410 cupiditatem
1606 3337 1947 3409 concepisti,
2004 3340 2067 3392 ut
2135 3352 2261 3393 eam

84 3444 159 3484 non
207 3438 421 3502 metuS,
484 3445 599 3487 non
646 3428 882 3501 religi0,
935 3444 1050 3485 non
1094 3426 1332 3484 deorum
1378 3426 1497 3498 viS,
1560 3441 1674 3481 non
1720 3424 2011 3482 hominum
2069 3423 2265 3481 existi-

84 3517 222 3572 natio
277 3517 619 3575 contineret.
711 3517 790 3574 At
851 3531 922 3572 ex
982 3516 1132 3573 bono
1181 3515 1332 3584 vir0,
1397 3512 1604 3585 cred0,
1672 3512 1942 3569 audieras
1999 3518 2060 3568 et
2113 3511 2265 3569 bono
2290 3522 2409 3578 102

196 3735 244 3799 1)
296 3735 380 3788 Sic
416 3732 567 3787 codd.
608 3733 825 3802 optimi3
881 3732 1045 3800 vulgo
1091 3732 1240 3796 fano.
1456 3727 1510 3793 2)
1558 3727 1755 3779 scilicet
1800 3729 1932 3783 coni.
1972 3728 2121 3781 Bake
2168 3744 2263 3797 pro

83 3802 166 3854 lla.
253 3805 427 3858 Verba
469 3807 753 3871 permotus
812 3801 915 3854 illa
960 3800 1249 3854 atrocitate
1306 3797 1505 3866 neyotii
1561 3797 1715 3850 uncis
1774 3798 1895 3850 incl.
1945 3797 2263 3858 Pfundtner‚

82 3873 339 3928 {berhard
483 3876 537 3941 3)
577 3873 665 3926 Sic
697 3874 917 3940 Lagom.
957 3871 1053 3925 29:
1091 3870 1206 3923 cod.
1238 3871 1371 3937 Reg.
1411 3872 1635 3935 spectas.
