2669 4354
379 205 460 262 60
1372 217 1590 258 onA'mo

2426 284 2592 292 ———-

376 410 451 451 ne
504 396 604 450 aut
663 391 848 449 invisa
901 390 989 449 dis
1034 390 1457 449 immortalibus
1508 391 1696 448 oratio
1758 396 1956 449 nostra
2016 394 2118 447 aut
2179 389 2411 462 ingrata
2471 406 2597 449 esse

275 478 357 535 48
377 480 656 539 videatur.
762 479 970 552 Itaque
1033 495 1148 536 non
1188 496 1312 543 sum
1357 479 1825 552 praedicaturuS,
1872 483 2118 551 quantas
2159 478 2260 534 ille
2306 494 2403 534 res
2448 478 2598 535 domi

377 568 617 626 militiae
639 561 707 646 ¹),
765 571 926 625 terra
984 567 1273 641 marique,
1333 573 1667 639 quantaque
1713 566 1993 624 felicitate
2040 566 2319 639 gesserit,
2363 572 2429 623 ut
2476 567 2599 624 eius

378 671 606 727 semper
651 655 1044 713 voluntatibus
1089 671 1204 712 non
1250 655 1419 713 modo
1466 656 1621 712 cives
1667 654 2058 727 adsenserint,
2115 653 2256 711 socii
2301 654 2599 727 obtempe-

375 743 592 815 rarint,
639 742 835 800 hostes
875 742 1272 815 oboedie1int,
1330 742 1435 800 sed
1478 742 1655 800 etiam
1701 743 1858 800 venti
1895 746 2388 815 tempestatesque
2435 741 2598 800 obse-

375 829 712 887 cundarint:
768 831 876 888 hoc
935 830 1270 888 brevissime
1331 829 1543 903 dicam,
1604 831 1894 887 neminem
1939 845 2208 901 umquam
2248 834 2370 886 tam
2413 830 2598 902 impu-

374 918 610 975 dentem
650 916 858 992 fuisse,
917 918 1015 990 qui
1059 918 1132 975 ab
1178 917 1266 976 dis
1311 918 1731 976 immortalibus
1772 922 1859 975 tot
1902 922 1961 976 et
2006 921 2200 975 tantas
2245 935 2342 975 res
2385 919 2597 976 tacitus

375 1004 620 1063 auderet
661 1007 898 1079 optare,
943 1010 1086 1078 quot
1125 1009 1186 1063 et
1229 1010 1475 1077 quantas
1521 1004 1581 1062 di
1625 1006 1980 1063 immortales
2019 1004 2095 1063 ad
2125 1005 2225 1063 Gn.
2260 1005 2597 1078 Pompeium

373 1093 736 1151 detulerunt:
800 1094 952 1166 quod
1009 1098 1072 1150 ut
1124 1093 1210 1150 illi
1272 1093 1569 1166 proprium
1623 1109 1692 1150 ac
1755 1098 2097 1166 perpetuum
2151 1092 2255 1166 sit,
2325 1093 2595 1164 Quirites

373 1198 502 1238 cum
549 1183 862 1239 communis
924 1181 1124 1238 salutis
1189 1186 1366 1253 atque
1406 1181 1669 1254 imperii,
1723 1185 1845 1238 tum
1885 1182 2064 1253 ipsius
2106 1181 2353 1239 hominis
2402 1197 2595 1255 causa,

371 1269 543 1327 sicuti
589 1267 811 1343 facitis,
855 1269 1008 1327 velle
1059 1273 1118 1327 et
1163 1274 1367 1342 optare
1414 1267 1655 1328 debetis

268 1354 350 1410 49
546 1356 740 1427 Quare
800 1374 929 1414 cum
986 1361 1046 1414 et
1100 1357 1315 1415 bellum
1363 1357 1436 1414 sit
1482 1357 1566 1414 ita
1611 1357 2031 1430 necessarium,
2092 1361 2157 1413 ut
2200 1357 2437 1428 neglegi
2482 1374 2594 1414 non

366 1444 578 1517 possit,
626 1443 708 1501 ita
753 1461 1022 1516 magnum
1039 1489 1054 1518 ,
1100 1449 1166 1502 ut
1211 1445 1641 1502 accuratissime
1683 1445 1759 1502 sit
1788 1444 2322 1518 administrandum,
2369 1449 2433 1503 et
2465 1463 2593 1503 cum

371 1532 426 1589 ei
451 1525 502 1610 2)
576 1532 985 1604 imperatorem
1054 1531 1372 1605 praeficere
1426 1533 1683 1606 possitiS‚
1756 1533 1817 1589 in
1871 1545 1985 1604 quo
2047 1532 2122 1590 sit
2183 1532 2395 1590 eximia
2458 1533 2594 1590 belli

369 1619 646 1692 scientia,
690 1620 1000 1694 singularis
1045 1621 1258 1694 virtus,
1304 1620 1628 1678 clarissima
1674 1621 2015 1694 auctoritas,
2064 1620 2301 1693 egregia
2345 1619 2593 1694 fortuna,

368 1706 676 1779 dubitatiS,
733 1708 1019 1783 QuiriteS,
1081 1709 1220 1780 quin
1279 1709 1390 1766 hoc
1457 1714 1683 1766 tantum
1743 1708 1910 1781 boni,
1958 1708 2113 1780 quod
2175 1707 2337 1766 vobis
2385 1709 2460 1766 ab
2511 1708 2594 1766 dis

366 1794 781 1853 immortalibus
823 1796 1078 1854 oblatum
1124 1800 1185 1855 et
1229 1796 1430 1853 datum
1476 1801 1587 1869 est,
1650 1797 1713 1853 in
1751 1813 1877 1853 rem
1914 1794 2204 1869 publicam
2251 1812 2594 1855 conservan-

267 1872 349 1937 17
365 1881 500 1939 dam
547 1887 718 1954 atque
763 1882 1223 1957 amplificandam
1269 1883 1622 1942 conferatis?
1712 1883 1877 1954 Quod
1923 1885 1971 1942 si
2016 1885 2237 1943 Romae
2287 1883 2387 1941 Cn.
2421 1884 2588 1942 Pom-

265 1965 348 2024 50
365 1971 530 2042 peius
591 1971 850 2042 privatus
912 1976 1068 2030 esset
1124 1972 1234 2028 hoc
1293 1974 1586 2044 tempore,
1647 1976 1843 2029 tamen
1888 1971 1964 2030 ad
2007 1977 2232 2029 tantum
2277 1972 2499 2029 bellum
2542 1974 2588 2031 is

367 2064 494 2115 erat
537 2057 879 2132 deligendus
925 2064 1102 2132 atque
1148 2058 1492 2132 mittendus3
1540 2076 1719 2133 nunc,
1765 2078 1896 2117 cum
1941 2059 2015 2117 ad
2065 2065 2294 2117 ceteras
2340 2076 2586 2117 summas

364 2145 650 2204 utilitates
704 2147 852 2204 haec
904 2164 1132 2221 quoque
1190 2148 1586 2219 opportunitas
1648 2146 2022 2222 adiungatur,
2079 2153 2143 2206 ut
2196 2148 2257 2206 in
2319 2148 2389 2204 iis
2449 2149 2586 2222 ipsis

363 2233 503 2292 locis
559 2234 744 2308 adsit,
798 2240 864 2293 ut
907 2235 1123 2294 habeat
1169 2236 1519 2308 exercitum,
1581 2241 1647 2293 ut
1693 2235 1765 2294 ab
1811 2238 1883 2294 iis
1922 2237 2019 2308 qui
2062 2236 2280 2294 habent
2318 2238 2585 2309 accipere

362 2322 556 2380 statim
612 2323 827 2396 possit,
886 2324 1024 2396 quid
1075 2327 1517 2396 exspectamus?
1588 2329 1690 2381 aut
1740 2342 1842 2381 cur
1900 2341 2014 2381 non
2057 2323 2298 2381 ducibus
2342 2324 2432 2381 dis
2484 2325 2583 2382 im-

361 2409 701 2468 mortalibus
773 2410 986 2484 eidem,
1041 2413 1135 2469 cui
1205 2417 1405 2470 cetera
1463 2429 1683 2470 summa
1732 2425 1861 2469 cum
1923 2412 2106 2469 salute
2168 2412 2258 2470 rei
2317 2413 2583 2483 publicae

362 2498 667 2555 commissa
712 2502 874 2573 sunt,
913 2499 1022 2556 hoc
1066 2511 1295 2572 quoque
1341 2500 1557 2558 bellum
1604 2500 1830 2572 regium
1862 2500 2323 2557 committamus?

260 2579 336 2637 51
536 2584 614 2642 At
673 2587 825 2643 enim
873 2577 961 2644 vir
999 2587 1387 2661 clarissimuS,
1449 2588 1873 2645 amantissimus
1918 2588 2005 2645 rei
2044 2588 2330 2660 publicae,
2376 2589 2584 2646 vestris

358 2670 658 2730 beneficiis
696 2675 1063 2747 amplissimis
1110 2674 1372 2734 adfectus
1394 2721 1409 2748 ,
1450 2676 1512 2746 Q.
1547 2674 1811 2749 CatuluS,
1848 2676 2102 2747 itemque
2149 2676 2380 2733 summis
2410 2693 2581 2735 orna-

357 2761 570 2818 mentis
614 2760 879 2837 honoris‚
934 2762 1231 2837 fortunae,
1291 2763 1547 2836 virtutis,
1585 2763 1805 2836 ingenii
1851 2763 2177 2836 praedituS,
2224 2764 2289 2834 Q.
2330 2764 2581 2823 Horten-

357 2848 501 2921 siuS,
557 2850 630 2906 ab
672 2848 781 2908 hac
824 2852 1052 2908 ratione
1098 2852 1473 2909 dissentiunt:
1530 2867 1769 2922 quorum
1816 2868 1924 2923 ego
1971 2851 2376 2909 auctoritatem
2428 2852 2581 2926 apud

355 2952 456 2993 vos
513 2937 707 2995 multis
766 2928 926 2996 locis
971 2940 1279 3011 plurimum
1324 2940 1571 2997 valuisse
1630 2944 1689 2996 et
1734 2940 1928 2998 valere
1978 2944 2246 3013 oportere
2288 2938 2580 3012 confiteor,

355 3024 460 3082 sed
513 3025 575 3081 in
633 3026 744 3084 bac
801 3042 1009 3100 causa,
1067 3028 1300 3085 tametsi
1361 3027 1721 3100 cognoscetis
1742 3022 1795 3107 3)
1841 3028 2215 3085 auctoritates
2261 3030 2580 3085 contrarias

355 3113 606 3170 virorum
653 3112 1091 3172 fortissimorum
1135 3118 1195 3171 et
1241 3114 1714 3187 clarissimorum,
1758 3120 1959 3173 tamen·
1999 3115 2220 3173 omissis
2266 3117 2579 3174 auctorita-

354 3200 510 3257 tibus
569 3201 699 3274 ipsa
749 3219 815 3260 re
879 3219 948 3259 ac
1004 3203 1229 3259 ratione
1287 3203 1595 3274 exquirere
1650 3220 1951 3275 possumus
2006 3204 2339 3276 veritatem,
2399 3209 2577 3277 atque

353 3287 464 3344 hoc
508 3287 768 3362 facilius,
813 3290 963 3363 quod
1011 3307 1082 3348 ea
1126 3292 1343 3363 omnia,
1388 3306 1537 3362 quae
1584 3307 1620 3347 a
1659 3308 1750 3348 me
1787 3291 1976 3349 adhuc
2004 3292 2159 3349 dicta
2189 3295 2339 3364 sunt,
2387 3292 2576 3350 eidem

353 3374 450 3432 isti
498 3391 638 3433 vora
683 3393 810 3435 esse
858 3378 1211 3451 concedunt,
1259 3383 1320 3436 ct
1365 3380 1756 3436 necessarium
1787 3379 2002 3437 bellum
2050 3396 2175 3437 esse
2210 3383 2269 3436 et
2306 3394 2574 3451 magnum

253 3458 335 3516 52
356 3467 416 3519 et
482 3463 542 3519 in
605 3482 720 3521 uno
768 3464 868 3523 Cn.
909 3466 1188 3539 Pompeio
1255 3482 1478 3523 summa
1547 3483 1673 3525 esse
1740 3467 1947 3527 omnia.
2050 3466 2198 3536 Quid
2251 3466 2435 3539 igitur
2497 3468 2576 3524 ait

352 3549 741 3609 Hortensius?
815 3554 865 3611 si
931 3555 1029 3612 uni
1088 3555 1280 3612 omnia
1337 3554 1647 3612 tribuenda
1700 3555 1841 3628 sint,
1911 3555 2308 3626 dignissimum
2330 3550 2386 3635 4)
2447 3572 2571 3613 esse

528 3701 580 3766 1)
623 3701 712 3754 Sic
746 3701 977 3766 Erfurt„
1016 3703 1176 3770 vulgo
1216 3720 1278 3756 ex
1314 3705 1416 3756 cet.
1459 3704 1610 3758 codd.
1648 3704 1996 3771 militiaeque
2118 3705 2172 3770 2)
2208 3710 2257 3757 et
2293 3722 2412 3758 cam
2451 3722 2571 3759 eum

351 3767 403 3819 ei
447 3770 580 3823 coni
617 3772 814 3825 Moser
1031 3775 1085 3840 3)
1135 3773 1459 3840 coquoscetis
1512 3773 1735 3842 Madvig
1797 3792 1859 3827 cx
1905 3775 2016 3828 cod.
2055 3775 2261 3828 Monac.
2313 3794 2358 3829 v.
2398 3781 2427 3847 ἓ
2474 3777 2567 3838 68;

351 3840 673 3906 coquoscitis
707 3846 807 3896 cet.
843 3844 984 3897 libri.
1126 3845 1182 3911 4)
1216 3860 1391 3896 unum
1428 3844 1576 3912 diyn
1616 3844 1768 3899 codd.
1808 3845 1975 3900 deter.
2013 3845 2194 3899 Halm.
