2669 4354
392 229 471 284 12
1385 243 1603 283 ORATIO

388 421 449 475 et
493 416 793 474 audaciam
841 417 999 489 eius,
1056 417 1154 488 qui
1198 417 1259 473 in
1306 416 1527 474 crimen
1570 420 1837 489 vocetur,
1898 416 2251 487 singularem
2297 415 2601 473 ostendere

388 508 449 565 et
503 520 693 562 mores
750 502 905 562 feros
949 505 1374 576 immanemque
1419 508 1690 561 naturam
1736 508 1798 559 et
1835 503 2013 560 vitam
2058 503 2212 561 vitiis
2256 500 2599 576 flagitiisque

386 592 650 651 omnibus
677 591 681 595 ’
707 592 962 650 deditam
1028 590 1127 666 [et]
1157 585 1208 670 1)
1267 592 1518 662 denique
1577 591 1771 648 omnia
1814 590 1887 647 ad
1933 591 2256 661 perniciem
2299 588 2598 662 profligata

386 684 558 750 atque
617 680 850 752 perdita
865 683 893 735 ‘e
966 696 1210 750 quorum
1273 684 1337 736 tu
1400 679 1545 736 nihil
1593 680 1653 735 in
1698 677 1826 736 Sex.
1873 677 2144 735 Roscium
2189 695 2264 735 ne
2312 677 2597 735 obiciendi

383 766 616 841 quidem
667 780 844 824 causa
890 767 1198 824 contulisti.

277 849 366 912 14
556 854 791 912 Patrem
848 854 1061 911 occidit
1107 853 1235 911 Sex.
1281 853 1542 910 Roscius,
1634 852 1770 923 ‘Qui
1814 852 2024 910 homo‘?
2114 854 2593 911 Adulescentulus

279 944 358 999 39
383 947 685 1014 corruptus
746 947 808 1000 et
874 942 946 999 ab
1010 942 1337 999 hominibus
1401 956 1648 1012 nequam
1711 937 2054 998 inductus?'
2165 942 2364 998 Annos
2432 946 2592 998 natus

382 1032 566 1089 maior
633 1029 1051 1102 quadraginta·
1139 1029 1357 1087 ‘Vetus
1417 1029 1692 1086 videlicet
1751 1029 2021 1101 sicarius,
2090 1028 2260 1086 homo
2308 1029 2501 1086 audax
2545 1034 2594 1084 et

382 1132 558 1189 saepe
619 1117 681 1173 in
738 1116 920 1176 caede
974 1111 1306 1175 versatus?'
1391 1116 1472 1173 At
1526 1115 1636 1172 hoc
1692 1116 1767 1173 ab
1814 1123 2153 1174 accusatore
2198 1134 2272 1174 ne
2322 1117 2437 1173 dici
2483 1116 2592 1188 qui·

382 1207 515 1264 dem
559 1203 816 1262 audistis,
907 1204 1221 1262 ‘Luxuries
1266 1205 1444 1276 igitur
1479 1204 1770 1260 hominem
1814 1204 2085 1260 nimirum
2132 1210 2191 1261 et
2237 1205 2391 1262 aeris
2425 1204 2592 1261 alieni

381 1291 711 1367 magnitudo
766 1298 828 1349 et
885 1293 1200 1350 indomitae
1260 1292 1440 1348 animi
1500 1291 1848 1363 cupiditates
1910 1292 1983 1348 ad
2042 1293 2151 1349 hoc
2189 1293 2379 1349 scelus
2418 1292 2593 1363 impu·

379 1375 642 1440 lerunt?’
729 1380 818 1437 De
879 1381 1105 1436 luxurie
1168 1379 1448 1451 purgavit
1494 1379 1773 1451 EruciuS,
1844 1395 1975 1436 cum
2035 1378 2182 1437 dixit
2221 1379 2372 1436 hunc
2419 1396 2498 1436 ne
2543 1379 2591 1434 in

381 1466 639 1526 convivio
701 1467 932 1539 quidem
997 1467 1115 1524 ullo
1186 1466 1312 1524 fere
1374 1466 1740 1538 interfuisse,
1807 1466 1950 1524 nihil
1999 1472 2193 1524 autem
2254 1482 2527 1538 umquam
2549 1460 2589 1543 2)

380 1555 594 1614 debuit.
688 1553 1048 1625 Cupiditates
1091 1570 1264 1627 porro
1313 1570 1461 1624 quae
1509 1559 1748 1624 possunt
1792 1570 1920 1611 esse
1964 1555 2025 1611 in
2056 1571 2160 1627 e0,
2206 1555 2330 1626 qui,
2379 1562 2446 1612 ut
2476 1556 2587 1626 ipse

380 1645 683 1701 accusator
726 1642 966 1714 obiecit,
1011 1643 1134 1700 ruri
1180 1658 1411 1713 semper
1454 1641 1736 1699 habitarit
1776 1646 1838 1698 et
1878 1642 1937 1698 in
1985 1658 2123 1715 agro
2169 1642 2411 1700 colendo
2444 1642 2588 1699 vixe-

377 1732 488 1804 rit,
553 1744 700 1802 quae
755 1731 877 1787 vita
921 1731 1167 1788 maxime
1215 1728 1504 1786 disiuncta
1550 1746 1585 1787 a
1629 1729 1945 1801 cupiditate
1996 1735 2085 1787 est
2129 1736 2188 1789 et
2234 1747 2364 1787 cum
2410 1729 2585 1787 officio

274 1814 358 1870 40
378 1819 724 1877 coniuncta?
816 1818 976 1888 Quae
1038 1835 1134 1875 res
1195 1818 1373 1890 igitur
1431 1821 1653 1874 tantum
1699 1819 1869 1874 istum
1914 1816 2168 1874 furorem
2213 1817 2341 1874 Sex.
2388 1817 2586 1875 Roscio

336 1927 341 1930 ·
377 1905 638 1965 obiecit?
729 1903 947 1963 ‘Patri'
993 1906 1181 1977 inquit
1237 1904 1388 1962 ‘non
1432 1900 1747 1975 placebat.'
1772 1900 1825 1983 3)
1914 1904 2078 1962 Patri
2125 1922 2238 1962 non
2283 1905 2587 1976 placebat?

378 1994 561 2064 Quam
621 1993 693 2050 ob
752 1995 1029 2051 causam?
1089 2008 1330 2051 necesse
1392 1997 1482 2048 est
1532 1993 1687 2049 enim
1743 2009 1872 2049 eam
1931 2010 2157 2064 quoque
2181 1985 2234 2071 4)
2280 1994 2497 2050 iustam
2540 1995 2588 2048 et

377 2097 645 2152 magnam
720 2086 780 2137 et
843 2080 1213 2152 perspicuam
1278 2079 1473 2136 fuisse.
1577 2079 1728 2136 Nam
1788 2086 1853 2137 ut
1904 2080 2049 2137 illud
2103 2079 2446 2138 incredibile
2496 2083 2584 2149 est,

377 2173 624 2227 mortem
670 2168 924 2226 oblatam
969 2185 1097 2226 esse
1143 2167 1299 2240 patri
1348 2185 1384 2224 a
1427 2165 1545 2226 filio
1592 2169 1715 2225 sine
1760 2169 2022 2239 plurimis
2069 2173 2129 2226 et
2158 2168 2430 2226 maximis
2464 2185 2585 2225 cau·

378 2256 489 2330 sis,
532 2258 614 2313 sic
660 2255 769 2314 hoc
815 2256 939 2313 veri
984 2257 1169 2313 simile
1216 2272 1333 2312 non
1386 2261 1509 2328 est,
1570 2255 1701 2313 odio
1742 2255 1922 2313 fuisse
1967 2258 2197 2329 parenti
2240 2254 2423 2313 filium
2470 2255 2583 2313 sine

273 2338 351 2394 41
377 2345 566 2401 causis
632 2344 828 2400 multis
874 2349 960 2401 et
1022 2344 1243 2414 magnis
1312 2347 1374 2399 et
1429 2344 1789 2401 necessariis,
1880 2344 2101 2401 Rursus
2161 2344 2340 2417 igitur
2389 2344 2583 2402 eodem

348 2437 737 2507 ‘revertamur
779 2437 840 2488 et
878 2445 1249 2503 quaeramuS,
1296 2446 1446 2501 quae
1490 2434 1654 2488 tanta
1697 2431 1839 2488 vitia
1884 2431 2104 2489 fuerint
2142 2432 2203 2488 in
2248 2432 2420 2490 unico
2460 2428 2584 2498 filio,

374 2535 554 2589 quare
615 2520 664 2576 is
730 2519 883 2589 patri
946 2518 1293 2589 displiceret.
1399 2519 1479 2575 At
1540 2519 1906 2591 perspicuum
1975 2526 2065 2577 est
2122 2520 2344 2575 nullum
2400 2519 2582 2577 fuisse.

374 2605 555 2663 Pater
622 2606 800 2678 igitur
856 2622 1081 2680 amenS,
1149 2607 1247 2677 qui
1305 2605 1525 2663 odisset
1586 2623 1717 2663 eum
1782 2608 1907 2663 sine
1972 2623 2181 2679 causa,
2249 2609 2421 2677 quem
2466 2620 2584 2678 pro·

375 2696 646 2751 crearat?
749 2692 831 2749 At
895 2694 944 2750 is
1015 2691 1247 2765 quidem
1319 2691 1431 2750 fuit
1497 2694 1748 2751 omnium
1814 2695 2329 2751 constantissimus,
2439 2694 2582 2763 Ergo

373 2781 518 2839 illud
559 2782 675 2838 iam
721 2781 1086 2854 perspicuum
1132 2778 1393 2853 profecto
1442 2787 1558 2853 est,
1617 2781 1665 2837 si
1709 2797 1898 2853 neque
1946 2798 2144 2839 amens
2188 2786 2358 2853 pater
2403 2793 2581 2851 neque

372 2869 636 2941 perditus
704 2867 854 2925 filius
914 2867 1120 2941 fuerit,
1187 2884 1375 2940 neque
1436 2869 1557 2926 odii
1608 2883 1839 2925 causam
1898 2870 2052 2941 patri
2113 2885 2304 2939 neque
2356 2866 2582 2927 sceleris

372 2955 488 3014 filio
534 2956 732 3014 fuisse.

267 3031 357 3097 15·
550 3043 791 3101 ‘Nescio
806 3039 841 3116 ',
884 3042 1071 3114 inquit
1116 3042 1294 3114 ‘quae
1340 3058 1515 3099 causa
1554 3043 1673 3100 odii
1718 3041 1928 3100 fuerit:
1975 3041 2151 3101 fuisse
2198 3044 2393 3102 odium
2423 3041 2582 3101 intel-

269 3125 536 3203 42lego,
602 3132 736 3203 quia
783 3135 989 3203 antea,
1045 3147 1174 3188 cum
1233 3131 1378 3187 duos
1428 3130 1578 3188 filios
1624 3131 1901 3205 haberet,
1963 3131 2125 3188 illum
2171 3133 2449 3206 alterum,
2496 3126 2579 3201 qui

371 3224 630 3276 mortuus
676 3223 799 3291 est,
858 3232 1052 3276 secum
1117 3218 1269 3275 omni
1314 3224 1579 3290 tempore
1624 3218 1858 3276 volebat
1902 3236 2058 3291 esse,
2117 3220 2271 3276 hunc
2316 3221 2379 3275 in
2423 3231 2579 3292 prae-

372 3305 468 3363 dia
537 3306 754 3363 rustica
817 3302 1146 3378 relegarat?
1252 3305 1419 3376 Quod
1480 3306 1694 3363 Erucio
1755 3306 2055 3364 accidebat
2106 3307 2168 3363 in
2218 3308 2372 3364 mala
2413 3319 2577 3377 nuga-

371 3394 637 3466 toriaque
685 3394 1085 3467 accusatione,
1130 3392 1286 3450 idem
1330 3393 1469 3450 mihi
1515 3408 1621 3451 usu
1663 3394 1823 3452 venit
1861 3395 1924 3450 in
1954 3410 2129 3452 causa
2160 3396 2391 3468 optima.
2463 3392 2575 3459 Ille,
2635 3409 2641 3532 Ι

551 3626 603 3689 1)
661 3629 709 3676 et
754 3624 981 3678 inclusit
1026 3623 1347 3690 Lambinus,
1400 3624 1642 3679 defendit
1686 3626 2013 3682 Fleckeisen.
2228 3628 2281 3695 2)
2336 3628 2576 3696 cuiquam

366 3694 488 3746 add.
529 3694 695 3747 Bake.
878 3695 931 3762 3)
980 3694 1159 3748 Verba
1198 3695 1360 3761 patri
1405 3712 1516 3748 non
1554 3696 1848 3762 placebat?
1894 3697 2117 3767 Madvig
2165 3698 2390 3764 delevit,
2431 3708 2574 3766 quem

369 3764 610 3832 plerique
671 3764 796 3818 edit.
851 3766 1021 3818 secuti
1075 3768 1218 3818 sunt.
1284 3765 1378 3818 cfr.
1435 3774 1462 3832 ξ
1510 3768 1593 3820 54.
1805 3768 1861 3834 4)
1912 3785 2029 3821 eam
2079 3768 2313 3839 quoque]
2368 3777 2574 3821 causam

368 3851 586 3904 eamque
619 3835 856 3888 Richter.
884 3867 885 3870 =
2573 3859 2579 3865 ·
