2669 4354
897 269 1079 307 mmm
1124 268 1409 318 QvAntrvs.
2139 256 2260 313 321

222 442 344 499 Rex
390 442 577 514 primo
625 441 768 499 nihil
811 448 1101 514 metuere,
1150 441 1292 499 nihil
1337 442 1647 514 suspicari:
1706 443 1831 500 dies
1877 460 2050 517 unuS,
2099 440 2370 517 alter,29

83 531 265 600 plures:
337 546 454 586 non
525 530 750 587 referri.
873 529 1017 586 Tum
1069 530 1271 599 mittit,
1349 529 1398 586 si
1472 529 1738 588 videatur
1758 525 1840 609 ¹),
1917 538 1979 587 ut
2040 530 2264 589 reddat.
2286 536 2366 592 66

83 617 216 674 Iubet
272 618 383 676 iste
442 618 733 690 posterius
788 618 862 675 ad
916 633 979 674 se
1039 619 1268 675 reverti.
1389 617 1602 675 Mirum
1656 619 1740 674 illi
1802 618 2017 692 videri3
2093 620 2265 676 mittit

83 706 288 779 iterum3
350 723 464 764 non
508 705 788 763 redditur.
877 705 1007 776 Ipse
1049 705 1336 763 hominem
1383 706 1670 779 appellat,
1726 712 1894 780 rogat
1934 714 1995 764 ut
2041 706 2263 765 reddat.

83 793 135 849 Os
172 794 412 852 hominis
462 794 860 865 insignemque
916 793 1330 865 impudentiam
1395 794 1735 865 cognoscite.
1842 794 2004 864 Quod
2071 796 2264 867 sciret,

83 882 198 952 quod
240 898 311 938 ex
375 883 500 954 ipso
547 898 687 955 rege
736 881 992 939 audisset
1050 883 1110 937 in
1157 880 1441 953 Capitolio
1503 897 1633 939 esse
1694 882 2052 955 ponendum,
2114 882 2265 955 quod

82 969 171 1026 Iovi
215 968 444 1041 Optimo
490 969 773 1042 MaximO,
835 968 985 1041 quod
1048 970 1256 1041 populo
1310 968 1572 1026 Romano
1629 970 1848 1026 servari
1896 970 2150 1043 videret,
2204 969 2265 1027 id

82 1057 163 1114 sibi
206 1063 267 1114 ut
314 1059 586 1131 donaret,
648 1073 854 1129 rogare
904 1061 964 1113 et
1013 1057 1517 1113 vehementissime
1572 1062 1775 1129 petere
1825 1059 2032 1130 coepit.
2123 1058 2264 1115 Cum

81 1145 150 1203 ille
196 1163 255 1204 se
320 1152 380 1204 et
438 1147 722 1218 religione
790 1146 942 1202 Iovis
1003 1144 1313 1216 Capitolini
1378 1150 1438 1201 et
1487 1145 1780 1201 hominum
1841 1146 2263 1205 existimatione

81 1234 311 1304 impediri
381 1234 630 1301 diceret,
714 1231 864 1305 quod
945 1232 1160 1289 multae
1231 1231 1497 1289 nationes
1582 1237 1764 1289 testes
1849 1239 2044 1292 essent
2112 1235 2266 1292 illius

80 1323 239 1392 operis
296 1338 364 1379 ac
425 1322 711 1393 muneriS,
776 1322 885 1378 iste
947 1320 1159 1377 homini
1219 1320 1426 1376 minari
1487 1320 1770 1378 acerrime
1831 1322 2038 1393 coepit.
2151 1320 2265 1379 Ubi

80 1409 203 1467 videt
269 1428 402 1468 eum
484 1410 663 1467 nihilo
742 1409 922 1481 magis
1008 1408 1176 1465 minis
1251 1423 1420 1478 quam
1493 1408 1762 1479 precibus
1845 1410 2170 1482 permoveri
2193 1406 2266 1487 ²),

82 1503 296 1569 repente
335 1499 628 1555 hominem
674 1497 748 1554 de
793 1496 1090 1569 provincia
1141 1496 1303 1553 iubet
1351 1500 1486 1552 ante
1534 1501 1763 1553 noctem
1809 1497 2123 1555 decedere:
2186 1498 2269 1555 ait

82 1601 124 1641 se
165 1586 511 1658 comperisse
561 1603 630 1643 ex
687 1585 811 1643 eius
865 1600 1044 1657 regno
1091 1583 1308 1655 piratas
1365 1582 1437 1639 ad
1494 1582 1751 1639 Siciliam
1805 1600 1932 1641 esse
1978 1591 2263 1644 vent-uros

83 1670 181 1730 Rex
220 1676 466 1731 maximo
514 1679 797 1730 conventu
846 1671 1142 1744 Syracusis
1188 1671 1247 1727 in
1286 1670 1412 1728 foro
1459 1702 1538 1708 —
1589 1686 1661 1726 ne
1707 1671 1833 1742 quis
1873 1669 2021 1729 forte
2069 1690 2160 1729 me
2207 1675 2267 1730 in
2299 1679 2379 1736 67

82 1762 290 1820 crimine
361 1762 607 1819 obscuro
675 1761 895 1817 versari
967 1766 1137 1831 atque
1207 1755 1499 1831 adfingere
1573 1757 1789 1830 aliquid
1866 1760 2191 1832 suspicione
2215 1756 2267 1838 3)

82 1846 344 1907 hominum
391 1850 710 1907 arbitretur
739 1880 821 1887 —
864 1849 925 1905 in
972 1846 1123 1919 fore,
1169 1847 1433 1918 inquam,
1480 1844 1776 1917 Syracusis
1821 1846 1966 1905 flens
2013 1863 2081 1904 ac
2127 1847 2267 1905 deos

81 1935 426 2010 hominesque
461 1942 790 1995 contestans
823 1936 1075 1993 clamare
1108 1934 1297 2006 coepit
1339 1933 1750 1991 candelabrum
1790 1933 2007 1992 factum
2039 1954 2071 1992 e
2111 1952 2267 2007 gem-

81 2025 186 2097 mis,
247 2026 396 2098 quod
456 2027 515 2082 in
569 2024 916 2097 Capitolium
972 2023 1246 2080 missurus
1305 2028 1489 2094 esset,
1553 2021 1701 2093 quod
1760 2022 1818 2077 in
1879 2024 2092 2095 templo
2153 2024 2268 2081 cla·

82 2112 276 2171 rissimo
317 2115 529 2187 populo
573 2113 832 2170 Romano
872 2117 1298 2168 monumentum
1344 2126 1482 2166 suae
1529 2110 1822 2167 societatis
1864 2111 2267 2184 amicitiaeque

82 2217 183 2259 esse
240 2204 550 2274 voluisset,
623 2200 680 2257 id
743 2202 816 2258 ab
877 2217 938 2257 se
964 2194 1016 2277 4)
1087 2199 1145 2259 C.
1210 2199 1453 2256 Verrem
1511 2197 1849 2271 abstulisse;
1925 2199 1997 2255 de
2055 2201 2265 2258 ceteris

81 2291 323 2359 operibus
373 2308 444 2347 ex
488 2307 627 2348 auro
676 2295 736 2347 et
796 2289 1062 2361 gemmiS‚
1124 2304 1272 2360 quae
1319 2303 1426 2343 sua
1483 2286 1664 2359 penes
1716 2287 1877 2344 illum
1924 2294 2143 2361 essent,
2204 2304 2266 2346 se

82 2394 173 2433 non
215 2380 509 2452 laborare;
555 2379 664 2434 hoc
711 2378 819 2435 sibi
867 2377 1014 2447 eripi
1060 2376 1331 2433 miserum
1374 2391 1500 2431 esse
1548 2381 1608 2432 et
1658 2374 1969 2447 indignum.
2045 2376 2111 2433 Id
2160 2377 2269 2433 etsi

79 2470 224 2524 antea
267 2468 381 2524 iam
440 2472 633 2524 mente
683 2470 743 2521 ct
803 2463 1152 2536 cogitatione
1202 2480 1306 2520 sua
1367 2462 1677 2533 fratrisque
1735 2463 1822 2520 sui
1871 2469 2267 2521 consecratum

81 2559 239 2625 esset,
301 2561 499 2612 tamen
546 2560 665 2610 tum
713 2570 775 2610 sc
833 2553 895 2608 in
953 2553 1054 2609 illo
1105 2557 1390 2608 conventu
1437 2549 1644 2606 civium
1692 2549 2078 2609 Romanorum
2127 2552 2267 2609 dare

79 2637 291 2715 donare,
335 2642 534 2700 dicare
584 2657 927 2698 consecrare
977 2639 1097 2696 Iovi
1144 2638 1375 2711 Optimo
1411 2637 1669 2694 Maximo
1718 2643 2040 2710 testemque
2082 2639 2269 2712 ipsum

77 2727 244 2786 Iovem
288 2746 428 2788 suae
477 2730 788 2788 voluntatis
835 2745 903 2786 ac
945 2727 1241 2800 religionis
1284 2725 1583 2783 adhibere.

226 2818 383 2889 Quae
444 2834 580 2890 vox,
651 2833 797 2888 quac
861 2816 1078 2888 latera,
1145 2829 1294 2886 quae
1353 2813 1506 2870 vires
1554 2812 1724 2869 huius
1793 2813 1958 2869 unius
2016 2813 2269 2869 criminis
2288 2815 2376 2882 30

73 2904 464 2973 querimoniam
527 2911 762 2977 possunt
824 2904 1153 2961 sustinere?
1272 2901 1398 2958 Rex
1466 2900 1811 2974 AntiochuS‚
1887 2900 1981 2971 qui
2050 2900 2269 2958 Romae

74 2996 191 3049 ante
237 2996 430 3051 oculos
462 2993 713 3050 omnium
757 2997 1011 3049 nostrum
1058 2990 1356 3058 biennium
1402 2988 1525 3046 fere
1575 2989 1847 3046 comitatu
1892 2988 2056 3060 regio
2095 2996 2269 3059 atque

71 3085 257 3137 ornatu
302 3081 537 3154 fuisset,
595 3081 673 3152 is,
737 3097 865 3136 cum
924 3079 1140 3137 amicus
1200 3083 1260 3134 et
1313 3077 1502 3134 socius
1558 3077 1753 3148 populi
1797 3075 2041 3133 Romani
2099 3082 2270 3149 esset,

72 3168 394 3226 amicissimo
451 3175 646 3241 patre,
716 3184 849 3239 avo,
918 3166 1257 3237 maioribuS,
1329 3164 1741 3236 antiquissimis
1811 3169 1869 3220 ct
1938 3164 2272 3220 clarissimis

70 3254 310 3329 regibus,
381 3256 811 3329 opulentissimo
859 3260 920 3311 et
971 3254 1214 3311 maximo
1271 3269 1482 3324 regne,
1550 3268 1828 3324 praeceps
1891 3253 2192 3324 provincia
2215 3244 2267 3332 5)

69 3344 250 3415 populi
293 3344 533 3403 Romani
589 3344 922 3402 exturbatus
971 3347 1075 3399 est.
1183 3340 1364 3410 Quem
1422 3340 1496 3398 ad
1553 3339 1781 3398 modum
1840 3340 1948 3397 hoc
1997 3346 2270 3412 acceptu-
2293 3347 2374 3406 68

196 3596 249 3660 1)
285 3594 456 3661 Vulgo
497 3611 557 3647 ex
598 3592 1021 3661 interpolatione
1071 3590 1236 3644 mittit
1280 3605 1377 3642 rem
1415 3589 1490 3641 ad
1526 3589 1717 3652 istum,
1771 3590 1820 3641 si
1861 3590 1968 3642 sibi
2006 3589 2273 3645 videatur.

70 3662 113 3726 2)
167 3665 465 3730 permoveri
514 3663 759 3728 Ernesti,
819 3663 1005 3724 Halm;
1093 3660 1357 3713 removeri
1395 3659 1545 3712 codd.
1584 3664 1693 3729 opt.
1756 3660 1987 3723 Jordan,
2054 3662 2273 3730 Kayser.

67 3734 112 3792 3)
147 3734 283 3787 Cod.
323 3735 518 3787 Erfurt.
558 3738 611 3787 et
651 3734 897 3786 Lambin.
938 3732 1003 3784 de
1041 3732 1348 3784 coniectura
1387 3729 1699 3796 suspicioni.
1869 3733 1924 3797 4)
1964 3731 2052 3783 Sic
2090 3733 2272 3795 Halm,

67 3803 175 3860 alii:
215 3805 273 3856 in
312 3810 417 3874 opt.
452 3804 604 3858 codd.
652 3808 736 3858 est
769 3802 827 3854 id
858 3810 910 3857 et
945 3819 998 3855 se
1037 3803 1122 3854 vel
1159 3801 1218 3853 id
1255 3800 1332 3853 ad
1366 3817 1452 3862 se,-
1499 3801 1658 3867 vulgo
1698 3799 1754 3852 id
1787 3799 1909 3855 sibi.
1980 3801 2087 3855 Cfr.
2131 3804 2271 3868 §35

67 3875 111 3939 5)
145 3875 260 3928 Alii
299 3891 323 3927 e
359 3875 489 3929 dett.
529 3874 679 3928 codd.
717 3892 743 3926 e
773 3870 1081 3941 provincia.
