2669 4354
390 212 469 268 72
1332 212 1554 262 ORATIO
1597 223 1638 260 1.

384 404 587 464 eodem
648 405 971 475 complures
1032 401 1291 458 eiusdem
1359 399 1648 458 amentiae
1722 397 2074 470 scelerisque
2146 398 2350 457 socios.
2446 397 2580 455 Num

382 508 600 567 negare
662 491 887 549 audes?
947 490 1083 562 quid
1135 493 1340 546 taces?
1395 487 1755 561 convincam,
1815 487 1862 544 si
1928 501 2138 559 negas;
2218 486 2385 544 video
2446 486 2580 545 enim

327 587 512 643 9esse
555 579 650 638 hic
691 582 753 637 in
790 583 997 637 senatu
1050 576 1359 650 quosdam,
1419 577 1516 648 qui
1561 580 1752 633 tecum
1796 590 1917 632 una
1959 573 2211 633 fuerunt.
2300 575 2347 632 Ο
2391 575 2448 632 111
2491 576 2582 632 1111-

382 670 686 728 mortales!
749 667 981 726 ubinam
1028 667 1286 740 gentium
1315 668 1547 722 sumus?
1602 681 1771 736 quam
1809 680 1933 721 rem
1962 663 2251 735 publicam
2282 662 2581 721 habemus?

383 760 442 816 in
487 774 599 830 qua
644 757 787 814 urbe
832 756 1113 813 vivimus?
1202 754 1349 827 Hic,
1404 755 1500 811 hic
1558 757 1693 810 sunt
1734 753 1796 809 in
1841 757 2035 811 nostro
2077 768 2345 826 numero,
2405 757 2582 823 patres

385 846 728 919 conscripti,
786 846 847 902 in
909 844 1016 901 hoc
1077 842 1231 900 orbis
1291 847 1487 899 terrae
1550 841 1909 899 sanctissimo
1971 840 2422 913 gravissimoque
2468 857 2581 899 con·
2638 903 2642 908 ,

383 935 540 1008 silio,
585 934 684 1006 qui
730 932 803 991 de
849 938 1044 990 nostro
1064 925 1114 1011 1)
1159 931 1409 989 omnium
1454 930 1724 1003 interitu,
1771 930 1866 1002 qui
1907 929 1979 987 de
2024 928 2192 987 huius
2240 929 2399 987 urbis
2428 934 2581 1002 atque

385 1022 531 1081 adeo
592 1021 666 1079 de
726 1019 882 1080 orbis
941 1026 1230 1078 terrarum
1289 1019 1465 1076 exitio
1524 1019 1798 1090 cogitent.
1908 1017 2031 1076 Hos
2093 1033 2200 1091 ego
2244 1018 2412 1076 video
2468 1034 2582 1074 con-

384 1111 474 1167 sul
499 1104 552 1190 2)
598 1116 659 1168 et
703 1109 775 1167 de
822 1126 888 1167 re
936 1109 1169 1181 publica
1211 1109 1559 1165 sententiam
1602 1122 1773 1180 rogo,
1839 1110 1897 1163 et
1943 1122 2086 1178 quos
2126 1106 2282 1164 ferro
2327 1106 2581 1164 trucidari

384 1198 720 1271 oportebat,
771 1213 868 1255 eos
914 1196 1165 1255 nondum
1209 1212 1351 1254 voce
1396 1196 1653 1253 vulnero
1729 1194 1915 1252 Fuisti
1953 1194 2131 1267 igitur
2170 1195 2322 1267 apud
2351 1194 2582 1252 Laecam

388 1287 492 1344 illa
529 1290 717 1360 nocte,
762 1284 1038 1358 Catilina,
1086 1284 1432 1341 distribuisti
1476 1287 1677 1356 partes
1706 1283 1944 1357 Italiae,
1983 1283 2235 1340 statuisti
2266 1299 2377 1354 quo
2410 1299 2583 1355 quem·
2647 1340 2648 1351 ,

383 1391 492 1447 que
553 1372 839 1447 proficisci
902 1374 1186 1446 placeret,
1247 1371 1517 1445 delegisti
1562 1387 1704 1443 quos
1747 1370 1965 1428 Romae
2012 1371 2403 1446 relinqueres,
2464 1387 2583 1444 quos

383 1470 576 1520 tecum
622 1462 940 1535 educeres,
987 1460 1331 1534 discripsisti
1356 1454 1408 1539 3)
1468 1458 1627 1517 urbis
1678 1465 1878 1532 partes
1924 1459 1998 1517 ad
2041 1459 2344 1534 incendia,
2401 1457 2584 1517 confir-

383 1551 554 1609 masti
612 1556 672 1608 te
733 1551 918 1623 ipsum
977 1550 1094 1607 iam
1153 1565 1280 1606 esse
1340 1548 1649 1622 exiturum,
1713 1547 1909 1604 dixisti
1962 1548 2262 1621 paululum
2324 1548 2429 1606 tibi
2476 1564 2582 1607 esse

386 1641 561 1697 etiam
607 1655 762 1696 nunc
805 1653 1036 1712 morae,
1084 1636 1237 1710 quod
1253 1630 1307 1716 4)
1356 1653 1463 1710 ego
1501 1636 1774 1694 viverem.
1864 1636 2106 1709 Reperti
2138 1642 2272 1694 sunt
2300 1635 2412 1694 duo
2445 1637 2583 1709 equi-

385 1732 474 1786 tes
514 1726 792 1800 Romani,
854 1726 948 1798 qui
1009 1732 1070 1783 te
1126 1726 1238 1784 ista
1283 1741 1423 1782 cura
1469 1723 1791 1781 liberarent
1842 1730 1902 1782 et
1946 1741 2075 1783 sese
2121 1724 2222 1782 illa
2261 1725 2389 1797 ipsa
2433 1731 2582 1784 nocte

385 1817 555 1888 paulo
615 1819 750 1872 ante
812 1816 1000 1873 lucem
1046 1831 1136 1872 me
1190 1816 1250 1871 in
1311 1828 1442 1870 meo
1487 1814 1697 1870 lectulo
1743 1810 2149 1871 interfecturos
2197 1810 2324 1871 e'sse
2369 1814 2582 1886 pollice·

286 1906 366 1962 10
385 1908 602 1962 rentur.
707 1902 870 1961 Haec
911 1920 1018 1975 ego
1065 1903 1292 1976 omnia,
1365 1900 1596 1959 vixdum
1663 1902 1837 1958 etiam
1896 1905 2063 1959 coetu
2124 1906 2319 1959 vestro
2377 1902 2583 1959 dimisso

391 1992 670 2064 comperi,
735 1990 965 2050 domum
1018 2006 1205 2048 meam
1258 1990 1571 2047 maioribus
1628 1988 1936 2062 praesidiis
1989 1990 2206 2046 munivi
2270 1994 2446 2062 atque
2504 1987 2582 2045 fir·

360 2073 567 2153 'mav13
628 2079 844 2136 exclusi
892 2095 1018 2152 eOS,
1075 2094 1218 2150 quos
1276 2084 1341 2135 tu
1367 2074 1459 2134 'ad
1503 2094 1595 2135 me
1643 2078 1952 2135 salutatum
1996 2073 2225 2154 [mane]
2245 2070 2298 2156 ⁶)
2344 2079 2580 2151 miseras

393 2187 522 2227 cum
568 2168 655 2225 illi
698 2168 809 2240 ipsi
854 2167 1180 2241 venissent,
1222 2183 1363 2239 quos
1405 2183 1512 2241 ego
1553 2166 1669 2224 iam
1714 2166 1907 2225 multis
1952 2184 2023 2225 ac
2070 2167 2303 2225 summis
2347 2167 2481 2226 viris
2523 2164 2579 2225 ad

389 2275 480 2316 me
528 2256 587 2314 id
631 2257 904 2329 temporis
948 2261 1224 2314 venturos
1271 2272 1398 2314 esse
1444 2255 1861 2328 praedixeram.

326 2341 366 2407 5
568 2344 730 2416 Quae
778 2360 905 2402 cum
949 2345 1033 2401 ita
1086 2344 1233 2418 sint,
1283 2343 1565 2417 Catilina,
1612 2359 1791 2418 perge
1835 2360 1945 2416 quo
1992 2345 2262 2417 coepisti:
2319 2345 2578 2419 egredere

389 2433 698 2504 aliquando
745 2449 816 2490 ex
856 2432 1029 2506 urbe3
1088 2437 1295 2506 patent
1339 2438 1574 2505 portae:
1629 2429 2012 2504 proficiscere.
2103 2433 2354 2490 Nimium
2400 2433 2491 2491 diu
2532 2437 2578 2489 te

386 2524 800 2592 imperatorem
848 2526 950 2578 tua
1009 2521 1111 2578 illa
1162 2521 1462 2579 Manliana
1518 2526 1709 2578 castra
1763 2520 2112 2581 desiderant.
2200 2519 2365 2579 Educ
2409 2527 2578 2579 tecum
2645 2559 2646 2568 ¹

388 2611 564 2668 etiam
634 2625 834 2669 omnes
879 2615 1039 2683 tuos,
1117 2609 1166 2665 si
1230 2609 1451 2682 minuS,
1528 2625 1699 2682 quam
1742 2609 2044 2681 plurimos:
2127 2626 2313 2682 purga
2379 2609 2576 2667 urbem.
2645 2667 2646 2670 ,

386 2698 602 2770 Magno
648 2716 742 2756 me
788 2702 948 2756 metu
994 2698 1301 2771 liberabiS,
1360 2697 1493 2755 dum
1537 2698 1704 2755 modo
1747 2697 1902 2755 inter
1944 2714 2038 2755 me
2086 2702 2260 2770 atque
2306 2702 2367 2755 te
2406 2713 2578 2755 murus

386 2787 632 2844 intersit.
711 2787 1021 2844 Nobiscum
1051 2788 1272 2844 versari
1302 2786 1415 2843 iam
1451 2786 1666 2843 diutius
1696 2802 1814 2843 non
1842 2791 2035 2860 potes;
2074 2802 2188 2843 non
2233 2780 2444 2861 feram',
2481 2801 2578 2843 non

285 2875 361 2932 11
382 2876 594 2949 patiar,
626 2891 740 2933 non
770 2874 970 2932 sinam.
1036 2875 1254 2947 Magna
1286 2875 1373 2932 dis
1404 2873 1821 2933 immortalibus
1851 2873 2118 2932 habenda
2150 2879 2238 2932 est
2268 2880 2440 2948 atque
2461 2874 2578 2931 huic

386 2964 497 3036 ipsi
543 2964 664 3021 Iovi
709 2961 953 3036 Statori,
1011 2963 1407 3035 antiquissimo
1456 2962 1679 3021 custodi
1724 2961 1890 3020 huius
1928 2963 2116 3036 urbis,
2172 2964 2390 3037 gratia,
2446 2960 2578 3034 quod

383 3051 533 3110 hanc
579 3057 697 3109 tam
743 3054 1019 3125 taetram,
1064 3055 1182 3108 tam
1229 3050 1565 3110 horribilem
1611 3057 1840 3123 tamque
1885 3049 2153 3109 infestam
2197 3053 2288 3111 rei
2331 3051 2576 3124 publicae

382 3144 608 3213 pestem
670 3140 883 3197 totiens
945 3141 1059 3197 iam
1114 3137 1432 3211 effugimus
1520 3140 1649 3197 Non
1698 3145 1789 3197 est
1831 3139 2060 3212 saepius
2103 3140 2165 3196 in
2209 3157 2323 3199 uno
2368 3140 2575 3197 homine

382 3244 601 3285 summa
660 3228 814 3285 salus
874 3227 1257 3301 periclitanda
1320 3229 1408 3285 rei
1465 3227 1748 3300 publicae.
1855 3227 2037 3300 Quam
2081 3228 2180 3286 diu
2232 3227 2399 3303 mihi,
2460 3243 2575 3285 con-

383 3316 492 3373 suli
537 3315 870 3389 designato,
917 3315 1192 3389 Catilina,
1230 3315 1536 3375 insidiatus
1579 3332 1673 3390 eS,
1714 3333 1828 3374 non
1873 3317 2102 3390 publico
2147 3334 2239 3375 me
2285 3315 2574 3390 praesidio,

383 3403 487 3462 sed
531 3404 758 3476 privata
803 3403 1108 3477 diligentia
1149 3403 1401 3463 defendi.
1495 3403 1637 3461 Cum
1676 3405 1951 3477 proximis
1998 3406 2241 3463 comitiis
2283 3402 2574 3464 consulari-

561 3571 614 3636 1)
667 3568 732 3622 de
782 3574 1032 3622 nostrum
1086 3571 1343 3624 omnium.
1373 3570 1521 3624 codd.
1577 3587 1684 3624 non
1739 3571 1907 3638 nulli,
1963 3572 2027 3624 de
2080 3588 2190 3625 meo
2245 3578 2574 3637 ‘nostrumque

381 3640 623 3693 omnium
659 3640 957 3694 Lambinus
994 3645 1049 3695 et
1085 3641 1270 3697 Orelli.
1404 3641 1456 3708 2)
1496 3642 1688 3710 consul
1722 3658 1820 3694 om.
1850 3641 1998 3697 codd.
2033 3643 2248 3712 aliquot.
2289 3636 2388 3698 om.
2414 3643 2571 3696 Halm.

382 3710 522 3764 idem
550 3710 704 3764 hosce
729 3729 850 3764 cum
876 3712 1027 3764 codd.
1056 3730 1218 3766 nonn.
1315 3714 1370 3779 3)
1410 3711 1735 3780 discripsisti
1759 3713 2038 3767 Biicheler:
2081 3713 2417 3781 descripsisti
2440 3709 2570 3768 codd.

380 3783 437 3864 24)
468 3781 700 3906 flufiaclim
692 3781 1017 3836 Hirschfeld.
1179 3785 1234 3850 5)
1271 3800 1431 3836 viane
1467 3783 1618 3838 deest
1654 3784 1708 3837 in
1747 3800 1848 3838 uno
1888 3784 2000 3839 cod.
2035 3785 2433 3854 antiquissimo,
2469 3797 2570 3837 uno.

380 3869 468 3905 mc
494 3896 501 3904 .
596 3869 627 3905 a
704 3893 715 3904 .
