2669 4354
896 272 1078 311 LIBER
1122 272 1408 321 QVARTVS.
2136 259 2171 314 3
2185 261 2211 314 1
2224 260 2259 315 3

84 458 235 514 neque
282 443 436 499 enim
483 448 568 499 est
602 441 981 516 conferenda,
1028 444 1134 501 hoc
1166 446 1353 517 ipsum
1387 443 1706 517 conferam,
1753 462 1866 517 quo
1898 450 1961 503 tu
2002 452 2060 505 te
2093 464 2261 520 supe-

82 531 253 588 riorem
297 527 473 602 fingis
525 564 632 602 —,
716 529 867 602 quod
923 531 1018 589 HS
1065 530 1205 589 CCC
1252 533 1409 590 milia
1472 531 1842 606 divisoribus,
1906 538 1971 590 ut
2029 541 2262 605 praetor

81 618 444 675 renuntiarere
465 662 479 690 ,
526 617 769 692 dedisti,
815 618 1032 675 LXXX
1052 614 1102 699 1)
1146 620 1498 693 accusatori,
1544 636 1617 678 ne
1664 620 1770 678 tibi
1817 621 2045 679 odiosus
2079 628 2258 680 esset:

83 722 131 763 ea
178 722 239 763 re
301 706 618 763 contemnis
678 711 1006 777 equestrem
1068 706 1330 766 ordinem
1391 713 1451 764 et
1517 706 1805 780 despicis?
1879 724 1952 766 ea
2023 726 2088 767 re
2154 710 2257 768 tibi

81 793 339 866 indignum
405 793 587 850 visum
657 799 746 850 est
813 795 1141 868 quicquam,
1218 795 1370 867 quod
1439 794 1544 854 tibi
1609 795 1900 869 placeret,
1976 795 2259 855 Calidium

81 882 232 952 potius
282 881 501 938 habere
547 896 714 952 quam
762 885 860 938 te?

217 969 409 1027 Iactat
452 985 513 1028 se
561 969 675 1026 iam
723 967 931 1025 dudum
978 968 1050 1026 de
1084 968 1331 1041 Calidio,
1371 975 1571 1027 narrat
1617 970 1877 1028 omnibus
1923 972 2130 1029 emisse
2177 988 2256 1030 se.
2277 974 2362 1040 21

79 1056 192 1113 Num
239 1058 416 1114 etiam
472 1057 545 1113 de
596 1056 660 1114 L.
710 1056 979 1129 Papinio,
1040 1058 1163 1113 viro
1218 1057 1526 1131 primario,
1586 1058 1858 1130 locupleti
1902 1058 2256 1132 honestoque
2277 1070 2357 1126 46

78 1145 236 1216 equite
276 1144 569 1218 RomanO,
632 1144 941 1201 turibulum
989 1144 1223 1201 emisti?
1285 1147 1382 1216 qui
1439 1160 1544 1217 pro
1589 1146 1916 1205 testimonio
1979 1145 2124 1204 dixit
2181 1154 2258 1221 tc,

79 1248 173 1289 cum
229 1232 650 1303 inspiciendum
707 1232 1098 1305 poposcisseS,
1165 1233 1359 1289 evolso
1406 1231 1750 1291 emblemate
1795 1234 2121 1307 remisisse,
2197 1241 2261 1292 ut

76 1320 394 1393 intellegatis
443 1320 502 1377 in
551 1320 780 1377 homine
827 1319 1284 1392 intellegentiam
1336 1335 1493 1393 esse,
1554 1336 1671 1378 non
1725 1321 2027 1380 avaritiam
2044 1366 2060 1395 ,
2121 1322 2260 1380 arti-

76 1405 162 1465 ficii
204 1407 502 1480 cupidum,
568 1424 682 1465 non
744 1408 971 1480 argenti
1034 1405 1228 1465 fuisse.
1342 1407 1466 1464 Nec
1522 1409 1703 1466 solum
1759 1410 1818 1465 in
1862 1409 2104 1481 Papinio
2152 1408 2259 1467 fuit

76 1495 156 1553 hac
219 1496 605 1565 abstinentia,
695 1495 883 1553 tenuit
944 1495 1053 1552 hoc
1126 1494 1449 1552 institutum
1517 1496 1576 1552 in
1644 1496 1914 1554 turibulis
1981 1497 2258 1571 omnibuS,

75 1599 436 1654 quaecumque
494 1583 554 1639 in
610 1582 807 1641 Sicilia
865 1582 1112 1639 fuerunt.
1232 1582 1581 1641 Incredibile
1644 1589 1732 1641 est
1791 1587 2023 1656 autem,
2088 1602 2257 1656 quam

77 1673 222 1729 multa
269 1677 331 1729 et
375 1687 545 1742 quam
590 1671 895 1743 praeclara
939 1670 1173 1727 fuerint.
1264 1668 1453 1727 Credo
1491 1675 1631 1743 tum,
1677 1687 1805 1728 cum
1851 1670 2046 1730 Sicilia
2090 1671 2260 1730 flore-

75 1757 150 1817 bat
190 1758 394 1832 opibus
443 1765 504 1816 et
549 1757 755 1831 copiis,
831 1774 1040 1831 magna
1085 1755 1328 1815 artificia
1372 1756 1549 1816 fuisse
1596 1757 1657 1815 in
1701 1775 1773 1815 ea
1817 1758 2018 1820 insula.
2111 1758 2258 1818 Nam

75 1845 241 1905 domus
285 1852 414 1903 erat
457 1851 595 1903 ante
652 1846 822 1902 istum
881 1850 1211 1918 praetorem
1272 1846 1435 1902 nulla
1493 1846 1666 1918 paulo
1711 1845 2087 1919 locupletior,
2147 1863 2261 1918 qua

74 1933 116 1989 in
148 1933 311 1991 domo
351 1932 497 1991 haec
541 1949 659 1990 non
694 1938 912 2005 essent,
961 1933 1134 1990 etiam
1184 1932 1230 1989 si
1276 1938 1586 2004 praeterea
1630 1933 1772 1990 nihil
1820 1938 1973 1991 esset
2014 1935 2259 2006 argenti,

74 2021 262 2089 patella
309 2020 544 2095 grandis
590 2037 715 2077 cum
765 2020 968 2092 sigillis
1016 2037 1083 2077 ac
1124 2019 1448 2078 simulacris
1493 2019 1759 2094 deorum,
1806 2016 2100 2101 patera2),
2149 2038 2261 2093 qua

73 2111 316 2167 mulieres
386 2109 462 2167 ad
530 2125 625 2165 res
698 2108 921 2167 divinas
987 2112 1314 2179 uterentur,
1391 2108 1719 2166 turibulum.
1815 2108 2001 2166 Erant
2068 2115 2260 2166 autem

75 2196 192 2255 haec
209 2190 260 2276 ⁸)
322 2198 516 2255 omnia
572 2197 809 2268 antiquo
856 2212 1030 2268 opere
1091 2202 1152 2253 et
1211 2213 1430 2254 summo
1494 2195 1739 2255 artificio
1798 2196 1979 2270 facta,
2035 2203 2100 2255 ut
2151 2198 2261 2255 hoc

75 2284 252 2344 liceret
320 2286 603 2358 suspicari
670 2284 844 2342 fuisse
906 2282 1215 2355 aliquando
1285 2284 1439 2357 apud
1506 2285 1727 2343 Siculos
1793 2301 2084 2358 peraeque
2156 2301 2261 2358 pro

73 2374 312 2442 portione
374 2378 600 2443 cetera,
676 2373 778 2429 sed
835 2370 1039 2443 quibus
1108 2373 1287 2429 multa
1356 2370 1587 2429 fortuna
1650 2372 1992 2446 ademisset,
2067 2378 2261 2431 tamen

74 2461 199 2532 apud
246 2477 346 2519 eos
391 2460 738 2518 remansisse
783 2476 882 2532 ea,
937 2476 1084 2530 quae
1126 2459 1329 2530 religio
1375 2460 1726 2519 retinuisset.
1816 2461 1979 2534 Dixi,
2021 2459 2261 2534 iudiceS,
2282 2473 2361 2529 47

71 2549 225 2607 multa
268 2549 447 2606 fuisse
490 2546 614 2606 fere
668 2548 818 2619 apud
864 2563 1060 2604 omnes
1106 2546 1356 2604 Siculos:
1421 2564 1529 2618 ego
1573 2547 1727 2605 idem
1791 2546 2063 2606 confirmo
2110 2566 2261 2605 nunc

71 2651 127 2690 ne
166 2653 337 2694 unum
383 2634 615 2708 quidem
677 2651 823 2694 esse.
929 2635 1077 2705 Quid
1125 2634 1232 2690 hoc
1286 2638 1420 2691 est‘?
1483 2633 1632 2706 quod
1684 2634 1795 2692 hoc
1813 2629 1867 2712 4)
1928 2640 2262 2709 monstrum,

69 2723 196 2792 quod
241 2724 568 2796 prodigium
613 2724 676 2779 in
721 2723 1075 2795 provinciam
1121 2723 1422 2780 misimus?
1520 2722 1724 2781 Nonne
1763 2722 1923 2780 vobis
1967 2722 2026 2780 id
2073 2723 2261 2795 egisse

69 2810 304 2885 videtur,
362 2816 428 2868 ut
472 2827 587 2868 non
633 2810 800 2868 unius
846 2809 1172 2882 libidinem,
1240 2826 1354 2867 non
1399 2825 1529 2867 suos
1575 2810 1797 2881 ocuIOS,
1861 2810 1964 2867 sed
2010 2810 2259 2868 omnium

67 2899 549 2971 cupidissimorum
595 2898 868 2970 insaniaS,
914 2914 1042 2954 cum
1088 2897 1326 2955 Romam
1371 2897 1729 2970 revertisset,
1778 2897 2077 2969 expleret?
2152 2897 2262 2968 Qui

67 2986 216 3044 simul
265 2993 438 3059 atque
501 2988 561 3043 in
616 2985 886 3059 oppidum
940 2984 1245 3057 quodpiam
1321 2993 1589 3056 venerat,
1665 2984 2121 3043 immittebantur
2179 2985 2263 3041 illi

66 3075 319 3133 continuo
365 3073 683 3147 Cibyratici
740 3090 945 3147 canes,
1002 3074 1098 3144 qui
1158 3072 1595 3145 investigabant
1640 3079 1700 3130 et
1753 3073 2266 3145 perscrutabantur

67 3163 259 3220 omnia.
348 3161 409 3219 Si
457 3161 607 3234 quod
654 3166 782 3219 erat
824 3160 1043 3234 grande
1091 3177 1190 3218 vas
1235 3166 1295 3218 et
1340 3161 1522 3218 maius
1569 3176 1708 3232 opus
1753 3160 2076 3229 inventum,
2125 3160 2265 3217 laeti

65 3248 422 3307 adferebant:
486 3250 535 3307 si
602 3249 789 3306 minus
845 3248 1123 3306 eiusmodi
1173 3247 1466 3321 quidpiam
1509 3249 1708 3306 venari
1754 3253 2089 3320 potuerant,
2166 3247 2268 3304 illa

192 3519 248 3583 1)
294 3518 379 3571 Sic
416 3518 591 3570 locum
631 3515 874 3569 restituit
912 3514 1193 3580 Garatoni3
1239 3517 1294 3569 in
1332 3517 1462 3570 dett.
1502 3515 1654 3569 codd.
1694 3516 1870 3584 priore
1906 3518 2022 3569 loco
2057 3515 2269 3579 LXXX,

66 3584 110 3637 in
148 3591 269 3656 opt.
312 3591 540 3655 utroque
587 3587 702 3639 loco
752 3585 885 3638 CCC
935 3589 1031 3639 est.
1123 3587 1285 3639 Halm
1334 3587 1568 3656 priorem
1613 3604 1892 3641 numerum
1939 3586 2081 3639 haud
2127 3590 2269 3639 recte

62 3657 343 3724 traditum,
383 3658 550 3710 altero
589 3657 705 3708 loco
746 3655 877 3709 CCC
918 3657 1252 3710 scribendum
1292 3657 1609 3726 suspicatur.
1766 3657 1818 3724 2)
1858 3657 1922 3709 In
1963 3659 2070 3724 opt.
2115 3656 2267 3709 codd.

65 3734 138 3780 est
177 3728 411 3794 patina,
467 3729 524 3779 at
556 3742 604 3779 v,
639 3731 667 3789 ἓ
694 3728 780 3779 47.
820 3727 904 3779 48.
1087 3728 1140 3794 3)
1187 3727 1277 3780 Sic
1312 3728 1501 3790 Halm;
1548 3726 1657 3780 cod.
1698 3728 1825 3794 Reg.
1883 3733 2061 3784 antem
2105 3726 2271 3791 haec;

64 3798 210 3866 vulgo
253 3797 381 3850 haec
413 3803 618 3855 aettem;
658 3795 914 3849 Schwabe
948 3797 1073 3848 item
1115 3796 1259 3849 haee.
1441 3798 1497 3862 4)
1545 3797 1644 3849 hoc
1681 3799 1843 3849 antea
1882 3814 2009 3858 om.‚
2056 3813 2117 3849 ex
2160 3800 2269 3863 opt.

61 3869 195 3921 codd.
243 3868 451 3920 addidit
492 3867 700 3933 Zumpt.
1889 3936 1922 3973 'R
