2669 4354
337 418 434 483 44

347 510 428 569 95

347 1740 426 1797 96

339 2260 430 2327 45

348 2804 427 2861 97

436 3250 750 3319 gerente&
831 3246 964 3300 sunt
1019 3243 1195 3300 etiam
1263 3243 1523 3300 libertini
1582 3244 1906 3317 optimates.
2018 3244 2336 3320 Numerus,
2414 3250 2477 3303 ut
2522 3240 2630 3309 dixi,

449 238 574 295 246
1409 254 1628 295 orm-1³10

621 426 769 484 Nam
816 426 954 499 quid
1001 441 1108 499 ego
1155 426 1228 485 de
1275 428 1467 485 aedile
1508 429 1635 500 ipso
1680 429 1906 502 loquar,
1952 430 2051 502 qui
2099 430 2272 488 etiam
2317 430 2464 488 diem
2504 430 2624 487 dixit

451 521 510 573 et
563 515 859 572 accusavit
914 514 987 572 de
1043 516 1101 571 vi
1139 515 1420 574 Milonem
1437 520 1465 574 ’Β
1556 517 1762 589 Neque
1817 517 1910 575 hic
1971 523 2167 576 tamen
2223 519 2340 576 ulla
2393 535 2624 591 umquam

448 603 661 661 iniuria
707 601 1052 676 adducetur,
1115 608 1177 660 ut
1233 620 1365 661 eum
1411 605 1515 662 tali
1560 605 1775 662 virtute
1828 610 2110 677 tantaque
2153 604 2421 664 firmitate
2478 607 2625 664 animi

447 706 511 749 se
557 692 620 748 in
659 707 783 750 rem
828 690 1114 763 publicam
1158 689 1337 749 fuisse
1382 693 1709 764 paeniteat:
1769 692 1904 766 sed,
1948 693 2048 765 qui
2092 694 2239 752 haec
2283 694 2475 752 vident
2513 694 2626 751 adu-

446 779 764 853 lescentes,
809 795 1057 851 quonam
1101 795 1233 837 suas
1277 785 1503 838 mentes
1540 778 1882 839 conferent?
1970 782 2106 855 Ille,
2151 782 2249 853 qui
2293 789 2624 840 monumenta

446 866 706 939 publica,
765 867 865 938 qui
911 866 1090 924 aedes
1135 883 1360 944 sacraS,
1417 868 1513 939 qui
1558 869 1756 927 domos
1801 870 2161 927 inimicorum
2206 886 2436 928 suorum
2479 887 2624 943 oppu-

449 956 670 1028 gnavit,
727 954 1003 1027 exscidit,
1058 954 1345 1028 incendit,
1406 957 1504 1027 qui
1547 956 1794 1029 stipatus
1839 973 2068 1029 semper
2120 958 2375 1032 sicariis,
2427 964 2626 1030 saeptus

447 1043 713 1116 armatiS,
772 1043 1023 1100 munitus
1067 1042 1352 1100 indicibus
1417 1041 1527 1101 fuit
1542 1088 1558 1117 ,
1614 1060 1852 1116 quorum
1912 1044 2085 1103 hodie
2145 1046 2314 1119 copia
2360 1045 2650 1114 redundat,

447 1132 553 1203 qui,
603 1136 664 1189 et
723 1131 1093 1203 peregrinam
1162 1146 1395 1188 manum
1453 1130 1904 1190 facinorosorum
1963 1132 2278 1191 concitavit
2350 1141 2414 1192 et
2465 1149 2626 1192 servos

449 1219 523 1277 ad
569 1218 809 1277 caedem
863 1218 1100 1276 idoneos
1155 1219 1295 1276 emit
1356 1223 1416 1275 et
1468 1220 1530 1276 in
1580 1220 1878 1278 tribunatu
1898 1213 1949 1301 1)
2009 1236 2306 1279 carcerem
2363 1227 2538 1280 totum
2583 1222 2628 1277 in

447 1306 635 1365 forum
683 1305 911 1378 effudit,
956 1306 1162 1364 volitat
1205 1306 1414 1364 aedilis
1430 1352 1447 1380 ,
1498 1314 1735 1365 accusat
1776 1325 1936 1382 eum,
2000 1310 2097 1381 qui
2142 1309 2337 1381 aliqua
2384 1325 2455 1368 ex
2494 1316 2626 1382 parte

449 1397 574 1453 eius
613 1393 867 1452 furorem
913 1396 1297 1452 exsultantem
1344 1395 1657 1468 repressit:
1714 1395 1807 1453 hic
1820 1440 1836 1469 ,
1890 1396 1988 1468 qui
2035 1411 2099 1452 se
2146 1402 2237 1455 est
2299 1402 2519 1456 tutatus
2553 1398 2627 1466 sic,

446 1488 513 1541 ut
561 1484 624 1540 in
669 1483 895 1555 privata
938 1498 1004 1539 re
1045 1481 1185 1540 deos
1229 1487 1475 1554 penates
1520 1499 1677 1555 suoS,
1736 1484 1798 1541 in
1842 1499 1908 1540 re
1953 1483 2186 1556 publica
2230 1486 2364 1543 iura
2410 1486 2628 1543 tribuna-

446 1578 540 1629 tus
584 1575 755 1643 atque
805 1570 1067 1643 auspicia
1110 1569 1483 1643 defenderet,
1549 1586 1827 1629 accusare
1883 1587 2017 1629 eum
2062 1572 2393 1647 moderate,
2460 1591 2495 1631 a
2544 1588 2626 1644 quo

447 1660 573 1733 ipse
619 1656 843 1716 nefarie
895 1663 1231 1731 accusatur,
1282 1674 1392 1731 per
1435 1663 1667 1716 senatus
1724 1661 2130 1718 auctoritatem
2180 1677 2301 1718 non
2362 1666 2452 1720 est
2505 1662 2625 1719 situs,

446 1747 730 1806 Nimirum
777 1746 888 1804 hoc
932 1744 1074 1802 illud
1114 1751 1228 1819 est,
1293 1745 1446 1818 quod
1503 1746 1577 1804 de
1631 1763 1723 1804 me
1783 1748 2142 1820 potissimum
2189 1755 2252 1806 tu
2309 1750 2376 1806 in
2432 1764 2625 1807 accusa-

447 1836 604 1893 tione
651 1834 957 1907 quaesisti,
1005 1849 1199 1906 „quae
1246 1838 1403 1891 esset
1448 1840 1647 1892 nostra
1692 1836 1852 1893 natio
1898 1836 2339 1908 optimatium“:
2385 1838 2468 1895 sic
2509 1836 2627 1895 enim

447 1923 658 1981 dixisti.
762 1921 909 1979 Rem
962 1921 1194 1993 quaeris
1257 1922 1613 1994 praeclaram
1676 1923 1962 1981 iuventuti
2022 1924 2097 1982 ad
2158 1923 2496 1983 discendum
2546 1938 2627 1981 nec

447 2010 588 2068 mihi
634 2008 930 2068 difficilem
975 2010 1050 2067 ad
1092 2007 1548 2082 perdocendum3
1610 2010 1682 2068 de
1728 2027 1842 2083 qua
1884 2027 2101 2085 pauca,
2146 2011 2405 2084 iudices,
2450 2013 2625 2070 dicam:

450 2104 537 2171 et,
608 2103 674 2155 ut
732 2098 1008 2170 arbitror,
1076 2113 1184 2155 nec
1229 2098 1302 2155 ab
1351 2098 1601 2155 utilitate
1647 2115 1869 2172 eorum,
1937 2099 2034 2172 qui
2098 2099 2372 2174 audient,
2439 2116 2538 2159 nec
2574 2098 2626 2154 ab

449 2185 638 2244 officio
668 2192 888 2260 vestr-0,
927 2201 1038 2243 nec
1075 2186 1148 2244 ab
1195 2187 1323 2259 ipsa
1367 2202 1543 2244 causa
1573 2187 1635 2244 P.
1668 2187 1844 2246 Sestii
1889 2189 2222 2247 abhorrebit
2267 2192 2461 2249 oratio
2488 2204 2605 2247 mea.

625 2274 753 2333 Duo
813 2289 1030 2348 genera
1091 2289 1318 2346 semper
1378 2275 1443 2332 in
1494 2275 1604 2333 hac
1668 2276 1903 2335 civitate
1954 2274 2190 2334 fuerunt
2259 2295 2493 2352 eorum,
2555 2274 2650 2346 qui¹

447 2364 669 2420 versari
718 2363 781 2421 in
831 2379 897 2420 re
954 2362 1186 2434 publica
1246 2367 1420 2434 atque
1478 2363 1539 2420 in
1592 2380 1665 2421 ea
1723 2381 1785 2423 se
1850 2364 2227 2422 excellentius
2296 2383 2500 2439 gerere
2543 2369 2627 2422 stu-

448 2448 729 2522 duerunt;
799 2448 1002 2523 quibus
1049 2466 1119 2508 ex
1165 2449 1478 2524 generibus
1523 2452 1694 2509 alteri
1747 2468 1811 2509 se
1856 2453 2193 2526 populareS,
2271 2455 2450 2512 alteri
2517 2451 2628 2525 opti-

449 2542 634 2596 mates
695 2544 756 2595 et
811 2536 1017 2595 haberi
1072 2542 1131 2596 et
1194 2555 1322 2597 esse
1387 2540 1704 2598 voluerunt.
1820 2540 1929 2611 Qui
1990 2557 2091 2614 ea,
2159 2557 2316 2612 quae
2376 2541 2628 2600 faciebant

450 2642 713 2699 quaeque
753 2625 1052 2699 dicebant,
1107 2626 1464 2685 multitudini
1510 2627 1761 2685 iucunda
1797 2629 2070 2686 volebant
2109 2644 2267 2703 esse,
2328 2630 2626 2704 populares3

450 2714 547 2786 qui
590 2720 783 2772 autem
829 2714 914 2771 ita
956 2729 1020 2771 se
1067 2715 1373 2788 gerebant,
1433 2721 1499 2772 ut
1557 2732 1661 2773 sua
1707 2717 1947 2774 consilia
1991 2717 2208 2790 optimo
2264 2721 2478 2792 cuique
2530 2731 2630 2790 pro·

449 2803 686 2876 barent,
754 2801 1064 2875 optimates
1123 2801 1509 2860 habebantur.
1621 2802 1758 2873 Quis
1818 2820 1956 2878 ergo
2019 2806 2131 2863 iste
2200 2809 2455 2877 optimus
2512 2803 2630 2877 quis·

450 2908 562 2964 que
587 2884 678 2969 ²)‘2
748 2890 1002 2948 Numero
1019 2884 1099 2968 3),
1146 2891 1196 2948 si
1239 2891 1499 2963 quaeris,
1545 2891 2022 2966 innumerabile83
2067 2910 2254 2966 neque
2298 2897 2453 2953 enim
2494 2893 2632 2951 aliter

447 2985 605 3038 stare
649 2993 971 3051 possemus:
1012 2982 1145 3036 sunt
1189 2978 1480 3050 principes
1522 2979 1746 3037 consilii
1790 2980 2033 3054 publici,
2095 2987 2260 3055 sunt,
2324 2984 2423 3055 qui
2470 2993 2630 3039 eorum

447 3072 667 3126 sectam
723 3070 1072 3140 sequuntur,
1139 3073 1275 3124 sunt
1332 3068 1709 3125 maximorum
1764 3067 2027 3125 ordinum
2096 3070 2391 3143 homines,
2462 3069 2628 3141 quibus

447 3159 614 3228 patet
657 3154 820 3213 curia
838 3198 854 3227 ,
905 3160 1039 3212 sunt
1080 3154 1461 3227 municipales
1500 3156 1815 3228 rusticique
1858 3155 2136 3229 Romani,
2189 3164 2329 3215 sunt
2373 3155 2573 3230 negotii
2588 3145 2628 3218 ⁴)

447 3331 616 3388 huius
671 3331 905 3403 generis
956 3332 1076 3388 late
1124 3335 1184 3388 et
1228 3330 1388 3389 varie
1441 3330 1677 3388 diffusus
1737 3336 1850 3389 est:
1911 3331 2016 3389 sed
2077 3349 2259 3405 genus
2317 3335 2630 3396 universum,

449 3425 514 3476 ut
557 3420 790 3476 tollatur
835 3434 1026 3493 error,
1084 3418 1249 3476 brevi
1294 3418 1685 3476 circumscribi
1734 3423 1793 3478 et
1849 3417 2079 3478 definiri
2134 3426 2348 3494 potest.
2453 3419 2629 3478 Omnes

591 3657 645 3722 1)
683 3655 746 3708 ‘bn
780 3655 1073 3710 tribunatu
1108 3653 1282 3723 Bake,
1328 3654 1537 3724 Kayser
1573 3658 1629 3710 et
1664 3653 1938 3711 Eberhard
1974 3655 2127 3710 uncis
2164 3654 2291 3711 incl.
2480 3655 2529 3722 2)
2562 3649 2650 3729 Sim

447 3724 631 3789 codd.;
670 3726 834 3795 vulgo
868 3727 992 3793 quis
1024 3733 1103 3780 est
1136 3726 1309 3795 iyitwr
1343 3726 1445 3779 iste
1479 3726 1751 3794 optimus?
1810 3725 1982 3795 Quis?
2034 3727 2198 3782 Orelli
2237 3728 2335 3795 qui
2369 3742 2488 3795 erqo
2516 3718 2650 3775 ish-⁹³

453 3796 708 3864 Optimus
743 3797 981 3865 quisque.
1195 3798 1248 3863 3)
1295 3797 1404 3851 Alii
1443 3797 1506 3849 de
1540 3812 1789 3860 numew,
1835 3797 1921 3852 vel
1956 3814 2246 3851 numerum
2283 3802 2466 3852 contra
2501 3789 2626 3848 codd·

446 3870 504 3939 4)
544 3867 631 3922 Sic
667 3868 781 3922 cod.
824 3865 945 3923 Par.
984 3870 1040 3921 et
1073 3866 1320 3921 Arusian.
1362 3884 1414 3937 p.
1453 3867 1584 3933 232;
1621 3870 1714 3922 alii
1744 3869 1977 3938 περσεία.
