2669 4354
751 234 864 275 Pno
908 235 961 274 Τ.
1006 232 1195 274 Amo
1235 232 1485 273 monn.
2117 217 2240 275 177

8 416 9 419 ’
69 412 199 465 creta
255 410 384 465 est?
468 408 647 480 Atqui
692 409 740 465 si
783 424 911 481 reS,
975 407 1023 465 si
1067 408 1186 479 vir,
1244 407 1294 464 si
1352 412 1579 479 tempus
1621 406 1798 463 ullum
1845 405 2079 481 dignum
2119 406 2245 481 fuit,

8 548 9 551 ,
68 502 194 554 certe
243 495 386 553 haec
443 497 501 553 in
557 497 660 553 illa
706 511 879 554 causa
924 512 1144 554 summa
1187 495 1380 551 omnia
1425 492 1675 551 fuerunt.
1764 492 2075 553 Insidiator
2118 502 2248 554 erat

67 583 108 639 in
138 582 252 641 foro
293 586 622 642 conlocatus
668 589 843 655 atque
886 585 947 640 in
993 583 1280 641 vestibulo
1328 583 1451 654 ipso
1498 586 1765 656 senatus3
1813 582 1867 639 ei
1899 584 2022 640 viro
2053 589 2246 641 autem

64 687 185 728 mors
227 672 542 744 parabatur
560 717 575 745 ,
624 672 785 729 cuius
831 672 893 728 in
937 672 1059 729 vita
1092 670 1390 728 nitebatur
1435 670 1590 727 salus
1639 670 1923 744 civitatis3
1969 687 2040 729 eo
2075 688 2246 743 porro

8 750 9 753 ’
66 761 131 815 rei
166 760 432 831 publicae
471 765 767 832 tempore,
826 774 967 832 quo,
1025 759 1074 815 si
1129 775 1277 816 unus
1322 758 1422 815 ille
1464 757 1773 815 occidisset
1798 754 1880 835 ¹),
1939 775 2055 816 non
2099 760 2245 817 haec

65 847 211 904 solum
269 848 502 920 civitaS,
566 847 671 905 sed
731 854 935 919 gentes
990 862 1187 904 omnes
1248 845 1653 903 concidissent.
1744 846 1869 903 Nisi
1927 862 2066 904 vero
2111 848 2248 920 quia

67 932 288 1004 perfecta
334 951 428 992 res
474 951 589 992 non
637 940 759 1008 est,
815 951 930 991 non
970 931 1082 991 fuit
1119 933 1417 1006 punienda
1446 926 1527 1011 2),
1577 933 1818 1005 proinde
1863 935 2027 1006 quasi
2059 936 2245 994 exitus

65 1038 257 1097 rerum,
304 1039 418 1081 non
464 1023 757 1081 hominum
807 1022 1045 1080 consilia
1087 1022 1313 1095 legibus
1360 1020 1744 1079 vindicentur.
1822 1022 2016 1080 Minus
2047 1023 2247 1082 dolen-

67 1109 173 1166 dum
228 1108 337 1168 fuit
397 1127 464 1169 re
527 1127 641 1168 non
701 1109 997 1183 perfecta,
1064 1109 1165 1167 sed
1211 1108 1564 1182 puniendum
1612 1114 1772 1167 certe
1818 1110 1996 1168 nihilo
2039 1112 2246 1170 minus.

68 1196 305 1265 Quotiens
354 1214 462 1271 ego
506 1199 660 1271 ipse,
715 1198 967 1270 iudiceS,
1015 1213 1087 1254 ex
1130 1196 1194 1255 P.
1242 1196 1426 1254 Clodii
1467 1196 1602 1254 telis
1644 1203 1704 1255 et
1733 1214 1804 1255 ex
1837 1199 2091 1256 cruentis
2124 1200 2248 1257 eius
2270 1206 2352 1263 20

8 1302 11 1377 ἦ
68 1286 291 1344 manibus
356 1285 564 1359 effugi!
618 1304 689 1345 ex
750 1285 955 1358 quibus
1013 1286 1062 1342 si
1107 1300 1200 1342 me
1246 1301 1362 1343 non
1408 1286 1501 1341 vel
1545 1300 1676 1342 mea
1719 1287 1812 1343 vel
1857 1286 1943 1343 rei
1984 1287 2247 1358 publicae

8 1390 13 1427 ι
64 1370 259 1430 fortuna
322 1378 644 1448 servasset,
719 1375 846 1445 quis
911 1371 1144 1430 tandem
1211 1372 1284 1429 de
1349 1373 1591 1430 interitu
1661 1390 1792 1432 meo
1850 1375 2248 1445 quaestionem

10 1450 11 1471 ³
66 1459 297 1519 tulisset?
390 1461 507 1519 Sed
552 1462 712 1519 stulti
758 1478 985 1535 sumus,
1042 1461 1137 1533 qui
1186 1461 1462 1533 Drusum,
1521 1460 1620 1531 qui
1662 1458 2024 1535 Africanum,
2082 1462 2312 1533 Pom-8

12 1580 17 1589 ·
65 1550 250 1622 peium,
312 1555 544 1607 nosmet
587 1550 741 1623 ipsos
798 1565 925 1606 cum
968 1549 1030 1605 P.
1077 1547 1275 1606 Clodio
1322 1547 1588 1606 conferre
1635 1548 1976 1607 audeamus:
2037 1552 2250 1610 tolera-

12 1680 19 1695 .
67 1633 176 1692 bilia
229 1636 472 1696 fuerunt
531 1638 661 1710 illa,
729 1637 794 1695 P.
860 1636 1045 1694 Clodii
1105 1641 1350 1694 mortem
1408 1652 1593 1707 aequo
1641 1637 1831 1694 animo
1879 1636 2035 1696 ferre
2081 1655 2249 1697 nemo

13 1700 21 1789 ἷ
68 1729 238 1793 potest.
328 1726 522 1797 Luget
566 1731 831 1798 senatuS,
887 1728 1113 1782 maeret
1156 1729 1429 1795 equester
1472 1724 1642 1795 ord0,
1699 1728 1823 1782 tota
1869 1725 2071 1783 civitas
2117 1743 2251 1784 con—

12 1792 21 1867 ἕ
68 1809 189 1868 fecta
232 1814 396 1871 senio
441 1817 560 1885 est,
629 1814 895 1885 squalent
937 1812 1249 1884 municipia
1271 1857 1286 1885 ,
1359 1809 1728 1869 adflictantur
1767 1813 2060 1887 coloniae,
2125 1816 2251 1887 agri

70 1897 277 1971 denique
345 1902 463 1974 ipsi
524 1906 642 1958 tam
697 1897 1053 1972 beneficum,
1123 1904 1239 1956 tam
1302 1900 1648 1972 salutarem,
1723 1904 1839 1957 tam
1887 1909 2250 1960 mansuetum

16 1988 21 2021 ’-
71 1987 214 2045 civem
259 1989 619 2047 desiderant.
709 1988 838 2046 Non
879 1987 992 2045 fuit
1038 2003 1109 2045 ea
1155 2000 1363 2059 causa,
1410 1987 1662 2060 iudiceS,
1713 1986 1972 2059 profecto
1993 1983 2077 2063 3),
2136 2007 2251 2048 non
2273 1998 2352 2055 21

16 2060 25 2145 ξ
71 2071 176 2148 fuit,
238 2094 339 2134 cur
412 2076 521 2134 sibi
592 2080 863 2134 censeret
922 2075 1234 2147 Pompeius
1289 2075 1686 2146 quaestionem
1746 2075 2077 2150 ferendam,
2150 2078 2254 2135 sed

18 2162 19 2188 ³
72 2160 205 2220 homo
248 2166 486 2238 sapiens
533 2168 707 2240 atque
756 2165 874 2222 alta
920 2169 980 2221 et
1022 2163 1214 2221 divina
1245 2162 1490 2235 quadam
1522 2167 1717 2222 mente
1749 2164 2043 2237 praeditus
2073 2166 2254 2225 multa

75 2341 195 2396 muni
250 2343 509 2399 omnium
578 2340 836 2419 laetitia,
864 2342 912 2397 si
970 2341 1147 2397 etiam
1192 2340 1318 2411 ipse
1366 2338 1678 2413 gauderet,
1747 2341 1940 2398 timuit
1983 2358 2057 2399 ne
2097 2342 2257 2401 vide-

75 2431 201 2483 retur
232 2427 519 2486 infirmior
564 2427 707 2487 fides
748 2427 1159 2486 reconciliatae
1207 2429 1460 2500 gratiae3
1508 2429 1687 2485 multa
1733 2430 1906 2486 etiam
1950 2430 2066 2487 alia
2096 2430 2255 2504 vidit,

20 2529 21 2538 ¹
78 2513 152 2569 sed
200 2515 337 2575 illud
409 2517 684 2589 maxime,
753 2516 1011 2588 quamvis
1071 2516 1354 2573 atrociter
1412 2517 1538 2589 ipse
1585 2516 1840 2587 tulisset,
1915 2534 2013 2575 vos
2059 2523 2256 2575 tamen

20 2617 29 2684 2
76 2597 265 2660 fortiter
329 2603 710 2663 iudicaturos,
812 2605 1017 2676 Itaque
1079 2603 1296 2676 delegit
1358 2620 1428 2660 ex
1487 2602 1908 2662 florentissimis
1960 2605 2256 2664 ordinibus

78 2686 174 2756 ipsa
221 2693 466 2765 lumina,
528 2707 715 2763 neque
776 2708 941 2763 vero,
1003 2691 1156 2764 quod
1200 2707 1314 2748 non
1361 2691 1505 2747 nulli
1551 2691 1843 2762 dictitant,
1906 2694 2156 2750 secrevit
2196 2695 2256 2751 in

77 2773 318 2837 iudicibus
384 2780 651 2853 legendis
711 2780 925 2836 amicos
986 2795 1161 2837 meos,
1254 2778 1458 2849 Neque
1513 2779 1667 2835 enim
1713 2779 1819 2835 hoc
1860 2779 2129 2851 cogitavit
2171 2768 2260 2837 yir

22 2891 23 2894 =
80 2860 383 2925 iustissimus
454 2883 644 2940 neque
712 2867 772 2923 in
839 2867 1004 2925 bonis
1062 2867 1199 2923 viris
1260 2866 1518 2936 legendis
1572 2865 1632 2924 id
1678 2866 1916 2937 adsequi
1961 2869 2259 2942 potuisset,

81 2951 220 3008 etiam
248 2956 296 3011 si
336 2956 610 3027 cupisset.
700 2955 755 3012 N
759 2970 832 3011 on
871 2955 1019 3012 enim
1058 2970 1190 3011 mea
1233 2955 1422 3026 gratia
1467 2952 1954 3012 familiaritatibus
2002 2956 2261 3014 contine·

20 3045 25 3116 fig
82 3041 174 3111 tur,
217 3059 363 3113 quae
412 3044 530 3101 late
575 3049 780 3115 patere
828 3058 940 3100 non
985 3047 1249 3115 possunt,
1294 3047 1605 3113 propterea
1635 3041 1788 3113 quod
1819 3043 2261 3102 consuetudines

20 3127 27 3220 j
84 3125 228 3184 victus
281 3146 398 3187 non
452 3135 689 3201 possunt
749 3146 875 3186 esse
942 3146 1069 3186 cum
1116 3129 1310 3186 multis
1327 3124 1410 3207 4);
1471 3130 1606 3202 sed,
1670 3132 1719 3187 si
1764 3129 1899 3201 quid
1944 3147 2261 3205 possumus,

22 3229 29 3270 :
85 3225 137 3267 ex
176 3231 237 3273 eo
278 3234 610 3290 possumus,
670 3218 822 3290 quod
865 3233 961 3275 res
1006 3217 1237 3289 publica
1282 3234 1385 3274 nos
1432 3219 1725 3275 coniunxit
1769 3229 1899 3275 cum
1945 3218 2139 3276 bonis:
2192 3237 2263 3278 ex

84 3300 252 3367 quibus
315 3306 417 3363 ille
489 3322 617 3363 cum
678 3306 918 3378 optimos
973 3307 1124 3362 viros
1187 3305 1416 3377 legeret
1460 3305 1633 3377 idque
1679 3306 1925 3363 maxime
1974 3306 2046 3364 ad
2089 3303 2262 3365 fidem

22 3433 29 3470 Ι
86 3400 216 3447 suam
266 3395 569 3465 pertinere
616 3393 1033 3466 arbitraretur,
1093 3409 1207 3450 non
1268 3394 1457 3464 potuit
1500 3394 1698 3466 legere
1723 3387 1775 3474 5)
1821 3411 1936 3451 non
1982 3394 2264 3454 studiosos

263 3576 312 3638 1)
372 3575 488 3630 Erf.
551 3574 843 3640 cecidisset,
921 3590 1074 3642 quem
1137 3574 1427 3637 Garatoni,
1501 3575 1731 3643 Peyron,
1795 3576 1890 3630 alii
1952 3580 2264 3646 sequuntur.

90 3637 134 3717 2).
159 3647 447 3707 poenienda
490 3649 717 3713 utroque
754 3646 870 3697 loco
908 3645 1118 3711 Peyron
1170 3646 1383 3713 posuit,
1435 3646 1574 3713 quod
1620 3646 1676 3698 in
1714 3645 1967 3714 Tegerns.
2011 3652 2094 3701 est
2129 3665 2265 3717 poe-

88 3714 292 3769 mtenda.
364 3718 418 3784 3)
458 3716 950 3782 Interpunctionem
989 3719 1112 3782 post
1140 3717 1386 3781 profecto
1423 3715 1543 3769 add.
1579 3714 1816 3786 Madvig.
1890 3720 1946 3785 4)
1976 3725 2265 3786 propterea

91 3782 204 3857 quod
236 3818 298 3826 -
333 3802 456 3838 cum
504 3785 688 3838 multis
732 3786 975 3838 insiticia¹
1017 3801 1133 3838 esse
1182 3802 1326 3855 susp.
1369 3786 1516 3838 Bake
1567 3788 1729 3840 schol.
1782 3791 1906 3856 hyp.
1948 3790 2025 3841 IV
2064 3807 2115 3857 p.
2142 3790 2261 3844 290.

94 3850 134 3915 υ)
167 3852 277 3908 Ern.
316 3858 448 3910 coni.
485 3872 598 3908 non
625 3856 809 3922 potuit
844 3872 955 3907 ‘non
995 3856 1029 3910 l.
1068 3862 1134 3908 st.
