2669 4354
413 213 536 271 242
1363 231 1366 232 ⁷
1426 223 1646 263 onAmo

1853 293 1894 296 --
1947 293 2190 297 ρἡ-
2205 290 2578 298 4⁴—ss
2635 271 2636 338 1

410 399 593 457 forum
641 414 790 456 anno
844 398 1143 470 superiore
1168 389 1245 474 ¹),
1304 397 1451 454 aede
1499 394 1756 453 Castoris
1815 400 2109 468 tamquam
2170 411 2307 453 arce
2353 395 2528 467 aliqua
2563 410 2593 450 a
2635 379 2636 390 ¹

408 487 666 560 fugitivis
734 491 1041 558 occupata:
1133 485 1430 544 silebatur.
1552 483 1759 541 Omnia
1824 484 2116 542 hominum
2175 501 2305 543 cum
2365 487 2591 556 egestate

410 581 532 633 tum
577 575 824 633 audacia
866 573 1227 647 perditorum
1273 574 1525 631 clamore
1545 617 1559 646 ,
1619 588 1935 646 concursu,
1987 574 2075 646 vi,
2135 589 2309 630 manu
2348 571 2595 645 gereban·
2637 625 2638 642 ¹

411 670 530 722 tur:
592 660 999 737 perferebatiS.
1089 661 1464 734 Magistratus
1521 661 1752 733 templis
1796 660 2194 732 pellebantur,
2256 661 2354 717 alii
2399 660 2595 717 omnino
2637 665 2638 668 ’

411 752 570 809 aditu
629 767 700 808 ac
745 749 871 808 foro
929 748 1418 822 prohibebantur:
1475 764 1646 806 nemo
1703 748 2030 807 resistebat.
2139 747 2494 807 Gladiatores
2541 763 2596 804 ex

410 841 697 913 praetoris
753 838 1030 896 comitatu
1089 837 1443 910 comprensi,
1503 837 1564 893 in
1625 842 1891 895 senatum
1949 836 2266 894 introducti
2283 881 2299 911 ,
2365 834 2595 906 confessi,

409 928 472 985 in
524 928 716 985 vincla
775 926 1023 984 coniecti
1076 942 1112 982 a
1169 925 1420 998 Milone,
1487 925 1681 982 emissi
1737 942 1773 982 a
1835 925 2119 983 Serrano:
2179 925 2398 984 mentio
2453 923 2597 980 nulla.

410 1015 629 1073 Forum
660 1013 992 1088 corporibus
1024 1013 1231 1070 civium
1261 1012 1651 1070 Romanorum
1691 1018 2046 1071 constratum
2093 1014 2274 1071 caede
2314 1018 2595 1070 nocturna:
2639 1027 2640 1052 1

412 1120 528 1161 non
572 1103 741 1161 modo
785 1102 947 1159 nulla
987 1118 1134 1159 nova
1178 1102 1438 1173 quaestio
1458 1145 1474 1175 ,
1520 1100 1623 1160 sed
1656 1103 1833 1159 etiam
1878 1108 2081 1160 vetera
2128 1101 2343 1159 iudicia
2389 1100 2600 1158 sublata

412 1191 727 1249 Tribunum
781 1191 969 1263 plebis
1013 1190 1141 1263 plus
1186 1190 1391 1261 viginti
1435 1190 1764 1247 volneribus
1810 1190 2067 1263 acceptis
2112 1190 2406 1248 iacentem
2459 1188 2601 1245 mori-

413 1279 779 1351 bundumque
828 1278 1079 1337 vidistis:
1134 1278 1376 1335 alterius
1436 1277 1652 1335 tribuni
1706 1278 1922 1351 plebiS,
1973 1278 2152 1336 divini
2213 1277 2488 1350 hominis,
2536 1307 2602 1315 ——

413 1366 601 1424 dicam
677 1368 829 1424 enim
891 1366 1042 1439 quod
1117 1366 1304 1423 sentio
1383 1370 1443 1422 et
1523 1366 1672 1437 quod
1746 1382 1971 1424 mecum
2058 1367 2317 1424 sentiunt
2410 1381 2642 1444 omnesQ

413 1455 592 1513 divini
609 1448 662 1534 ²)
712 1488 794 1496 —-
840 1455 1052 1528 insigni
1096 1454 1375 1528 quadam,
1443 1453 1734 1527 inaudita,
1799 1471 1950 1511 nova
1994 1454 2392 1528 magnitudine
2437 1451 2601 1523 animi,
2641 1459 2642 1516 ἲ

414 1544 698 1614 gravitate
717 1588 733 1617 ,
777 1541 888 1600 fide
952 1543 1202 1616 praediti
1218 1586 1232 1615 ,
1306 1541 1508 1599 domus
1580 1547 1671 1600 est
1730 1547 2063 1616 oppugnata
2127 1541 2310 1616 ferro,
2400 1525 2642 1609 facibus*

415 1632 675 1689 exercitu
722 1629 1012 1689 Clodiana

306 1722 396 1789 40
586 1719 666 1777 Et
718 1724 783 1777 tu
841 1719 949 1776 hoc
1012 1718 1137 1775 loco
1198 1716 1401 1775 laudas
1464 1716 1743 1775 Milonem
1804 1723 1864 1776 et
1921 1718 2052 1776 iure
2114 1718 2336 1776 laudas,
2459 1718 2605 1787 Quem

312 1819 392 1876 86
416 1809 568 1865 enim
622 1824 892 1880 umquam
945 1807 1125 1863 virum
1186 1811 1306 1863 tam
1355 1806 1666 1863 immortali
1707 1807 1922 1864 virtute
1968 1806 2252 1865 vidimus?
2315 1806 2418 1879 qui
2473 1805 2601 1864 nullo

412 1897 669 1968 praemio
734 1895 1027 1968 proposito
1086 1899 1326 1967 praeter
1387 1894 1528 1966 hoc,
1594 1894 1746 1965 quod
1813 1894 1930 1951 iam
1999 1895 2310 1952 contritum
2383 1901 2442 1953 et
2501 1910 2604 1951 con-

414 1989 693 2057 temptum
735 1988 1001 2057 putatur,
1072 1982 1348 2039 iudicium
1392 1981 1668 2039 bonorum
1690 2026 1706 2055 ,
1780 1984 1972 2039 omnia
2015 1983 2277 2055 pericula
2295 2027 2312 2056 ,
2392 1997 2606 2041 summos

416 2073 674 2146 laboreS,
741 2071 1108 2145 gravissimas
1182 2071 1584 2128 contentiones
1650 2070 2098 2143 inimicitiasque
2172 2071 2469 2145 suscepit:
2533 2068 2605 2141 qui

415 2160 557 2218 mihi
617 2177 766 2219 unus
814 2177 881 2218 ex
928 2158 1189 2218 omnibus
1235 2158 1456 2217 civibus
1515 2158 1743 2218 videtur
1793 2175 1858 2217 re
1908 2158 2206 2234 docuisse,
2263 2176 2388 2218 non
2431 2158 2606 2225 verbis
2645 2182 2646 2229 l

416 2254 477 2308 et
522 2249 659 2321 quid
682 2243 735 2330 3)
786 2254 1083 2321 oporteret
1143 2264 1180 2305 a
1225 2248 1656 2321 praestantibus
1700 2248 1839 2305 viris
1898 2248 1958 2305 in
2010 2265 2075 2305 re
2120 2249 2363 2322 publica
2408 2247 2527 2306 fieri
2563 2251 2604 2303 et

413 2337 548 2410 quid
592 2354 833 2395 necesse
882 2341 1060 2394 esset:
1116 2341 1385 2408 oportere
1431 2335 1723 2393 hominum
1768 2336 2075 2394 audacium
2097 2381 2113 2411 ,
2166 2353 2501 2395 eversorum
2537 2334 2603 2391 rei

412 2424 680 2498 publicae
728 2425 935 2484 sceleri
979 2424 1204 2498 legibus
1253 2429 1313 2482 et
1357 2424 1586 2482 iudiciis
1640 2424 1951 2499 resistere,
2011 2425 2060 2482 si
2107 2426 2269 2498 leges
2317 2443 2439 2483 non
2478 2423 2604 2482 vale-

413 2520 576 2587 rent,
633 2513 848 2572 iudicia
867 2505 920 2592 4)
965 2529 1080 2570 non
1128 2517 1351 2585 essent,
1398 2512 1447 2569 si
1492 2528 1588 2569 res
1631 2513 1869 2586 publica
1913 2513 1970 2570 vi
2016 2529 2419 2586 consensuque
2461 2511 2604 2571 auda·

414 2602 565 2660 cium
603 2602 777 2660 armis
821 2616 1098 2676 oppressa
1133 2604 1460 2674 teneretur,
1510 2601 1801 2673 praesidio
1847 2606 1906 2658 et
1950 2602 2130 2675 copiis
2174 2601 2418 2660 defendi
2459 2602 2604 2659 vitam

413 2695 473 2747 et
519 2689 852 2748 libertatem
896 2704 1138 2748 necesse
1184 2705 1331 2747 esse.
1436 2688 1561 2745 Hoc
1606 2690 1824 2747 sentire
1874 2688 2222 2763 prudentiae
2272 2696 2394 2766 est,
2440 2690 2605 2748 facere

412 2778 799 2852 fortitudinis;
859 2783 919 2836 et
977 2776 1193 2835 sentire
1251 2793 1390 2835 vero
1453 2781 1516 2833 et
1572 2776 1769 2846 facere
1834 2777 2132 2849 perfectae
2189 2780 2605 2849 cumulataeque

312 2877 391 2934 87
412 2868 658 2925 virtutis,
758 2866 920 2924 Adiit
964 2865 1039 2924 ad
1093 2881 1216 2923 rem
1269 2865 1560 2938 publicam
1612 2865 1876 2923 tribunus
1930 2865 2120 2939 plebis
2137 2860 2190 2946 ὃ)
2236 2867 2385 2925 Milo
2433 2898 2510 2908 —
2550 2864 2606 2921 de

414 2956 574 3013 cuius
637 2954 808 3013 laude
870 2956 1038 3026 plura
1095 2952 1306 3026 dicam,
1384 2970 1500 3011 non
1562 2969 1673 3025 quo
1735 2958 1835 3010 aut
1894 2954 2021 3027 ipse
2080 2955 2228 3012 haec
2286 2955 2405 3014 dici
2464 2967 2606 3027 quam

414 3043 734 3103 existimari
784 3044 946 3101 malit
989 3048 1093 3099 aut
1137 3058 1245 3115 ego
1298 3042 1454 3099 hunc
1496 3041 1684 3099 laudis
1730 3040 1979 3100 fructum
2023 3045 2322 3116 praesenti
2383 3043 2608 3101 libenter

410 3133 771 3206 impertiam,
845 3130 1193 3204 praesertim
1254 3146 1383 3187 cum
1443 3130 1635 3188 verbis
1694 3131 1970 3203 consequi
2040 3148 2155 3189 non
2213 3133 2464 3206 possim,
2526 3126 2606 3186 sed

412 3221 565 3294 quod
608 3220 901 3293 existim0,
965 3220 1014 3277 si
1058 3217 1295 3276 Milonis
1344 3233 1576 3276 causam
1638 3220 1992 3278 accusatoris
2030 3237 2172 3278 voce
2229 3220 2608 3278 conlaudatam

411 3309 686 3382 probaro,
751 3325 852 3366 vos
898 3309 958 3364 in
1004 3308 1115 3364 hoc
1161 3306 1404 3363 crimine
1458 3323 1657 3378 parem
1704 3308 1879 3367 Sestii
1932 3324 2165 3366 causam
2210 3310 2608 3367 existimaturos

556 3562 607 3627 1)
647 3576 797 3612 armo
836 3574 956 3627 suaa.
994 3561 1145 3613 uncis
1177 3559 1304 3614 incl.
1353 3559 1528 3625 Koch,
1567 3559 1859 3614 Eberhard.
2028 3561 2080 3629 2)
2120 3560 2211 3616 Sic
2247 3560 2424 3625 codd.;
2461 3558 2605 3611 inter-

413 3633 757 3700 punctionem
792 3631 1024 3683 mutavit
1046 3631 1211 3683 Hertz
1250 3631 1285 3683 l.
1326 3647 1370 3684 c.
1408 3647 1459 3698 p.
1486 3630 1555 3683 48
1567 3651 1580 3695 ;
1621 3632 1778 3699 vulgo
1818 3648 1881 3684 ex
1914 3631 2251 3685 Mommsenii
2288 3633 2499 3685 coniect.
2541 3643 2603 3696 pr.

414 3704 530 3756 loco
569 3701 745 3753 divini
780 3701 932 3754 uncis
969 3701 1094 3755 incl.
1135 3703 1191 3754 et
1228 3701 1578 3770 parenthesin
1616 3705 1743 3771 post
1780 3717 1961 3754 omnes
1999 3703 2272 3757 claudunt.
2448 3702 2499 3766 3)
2533 3696 2605 3750 Sic

413 3773 536 3826 Car.
574 3771 901 3841 Stephanus3
944 3771 1095 3825 codd.
1136 3772 1229 3823 sed
1263 3770 1411 3838 quid.
1555 3773 1611 3839 4)
1649 3773 1699 3824 si
1733 3772 1947 3825 iudicia
1985 3789 2082 3827 scr.
2121 3774 2309 3827 Lamb.
2415 3774 2471 3838 5)
2501 3765 2603 3819 trib-

402 3843 483 3912 pl.
526 3860 627 3896 om.
667 3841 782 3896 cod.
822 3842 1009 3910 Voss,
1044 3842 1167 3895 incl.
1206 3844 1353 3895 Bake
1392 3846 1446 3896 et
1482 3842 1706 3909 Kayser.
