2669 4354
399 232 479 290 52
1399 247 1615 288 onA'rIo

396 439 512 481 non
555 423 709 481 enim
752 421 861 479 hoc
906 421 1032 478 sine
1073 436 1247 478 causa
1291 421 1496 492 quaeri
1534 420 1777 479 videtur.
1870 419 2125 477 Primum
2171 435 2243 477 ex
2288 436 2390 477 suo
2436 437 2605 495 regno

397 511 481 569 sic
524 509 897 568 Mithridates
956 508 1237 581 profugit,
1306 512 1372 565 ut
1424 525 1497 564 ex
1552 505 1757 565 eodem
1802 507 1986 565 Ponto
2031 506 2250 565 Medea
2292 508 2395 565 illa
2439 526 2604 580 quon-

397 599 530 656 dam
603 595 925 672 profugisse
992 595 1230 669 dicitur,
1305 610 1482 666 quam
1545 593 1885 668 praedicant
1951 595 2014 652 in
2076 594 2211 667 fuga
2269 594 2465 654 fratris
2527 597 2604 653 sui

396 685 655 744 membra
686 686 896 764 ..-ill-jis
939 683 1108 757 locis,
1170 699 1283 756 qua
1327 699 1391 740 se
1439 698 1652 755 parens
1696 688 2171 755 persequeretur,
2231 682 2604 755 dissipavisse,

395 779 460 832 ut
515 790 712 832 60111111
773 773 1057 831 conlectio
1113 770 1379 844 dispersa
1422 787 1767 842 maerorque
1811 770 2033 843 patrius
2081 770 2443 830 celeritatem
2484 789 2607 844 per-

396 861 674 934 sequendi
720 860 1064 919 retardaret.
1155 859 1251 918 Sic
1294 858 1669 916 Mithridates
1717 857 1940 929 fugiens
1985 858 2293 917 maximam
2336 860 2450 917 vim
2490 861 2604 917 auri

397 956 571 1022 atque
639 949 867 1022 argenti
934 948 1569 1020 pulcherrimarumque
1635 962 1828 1004 rerum
1891 946 2170 1018 omnium,
2240 962 2383 1019 quas
2451 952 2511 1005 et
2574 964 2604 1004 a

397 1037 704 1095 maioribus
751 1040 1058 1108 acceperat
1104 1041 1164 1094 et
1206 1036 1333 1108 ipse
1378 1033 1534 1092 bello
1581 1034 1884 1106 superiore
1931 1048 2002 1090 ex
2034 1038 2157 1092 tota
2182 1034 2325 1092 Asia
2355 1035 2604 1108 direptas

394 1126 457 1182 in
516 1142 680 1183 suum
742 1141 988 1197 reguum
1032 1128 1437 1196 congesserat,
1492 1123 1553 1179 in
1598 1121 1782 1179 Ponto
1839 1137 2066 1178 omnem
2110 1123 2359 1194 reliquit.
2454 1124 2604 1180 Haec

395 1213 529 1271 dum
575 1213 757 1271 nostri
796 1212 1092 1284 conligunt
1130 1210 1323 1268 omnia
1368 1209 1700 1282 diligentius
1719 1254 1733 1279 ‚
1779 1225 1885 1266 rex
1928 1210 2054 1282 ipse
2104 1226 2135 1267 e
2178 1210 2443 1268 manibus
2474 1210 2603 1269 effu-

394 1302 492 1375 git.
584 1302 677 1358 Ita
720 1301 882 1358 illum
926 1300 987 1356 in
1033 1297 1420 1371 persequendi
1446 1294 1496 1376 ¹)
1543 1296 1731 1355 studio
1778 1313 2032 1370 maeror,
2078 1297 2183 1355 hos
2227 1298 2457 1356 laetitia
2499 1304 2603 1356 tar-

293 1388 374 1446 23
394 1389 568 1449 davit.
661 1388 832 1446 Hunc
899 1388 962 1444 in
1028 1387 1131 1443 illo
1191 1387 1399 1444 timore
1456 1392 1516 1444 et
1573 1383 1712 1456 fuga
1758 1384 2076 1457 Tigranes,
2140 1402 2242 1443 rex
2286 1387 2600 1458 Armenius„

395 1476 624 1550 excepit
683 1473 1156 1545 diffidentemque
1202 1475 1376 1533 rebus
1418 1474 1535 1531 suis
1582 1471 1941 1530 confirmavit
1985 1479 2045 1530 et
2087 1472 2383 1531 adflictum
2429 1475 2601 1532 erexit

392 1564 798 1639 perditumque
834 1562 1150 1622 recreavit:
1210 1563 1374 1620 cuius
1418 1561 1481 1618 in
1524 1578 1763 1634 regnum
1810 1566 2186 1632 posteaquam
2231 1561 2295 1618 L.
2338 1561 2600 1620 Lucullus

395 1670 523 1710 cum
581 1653 841 1710 exercitu
905 1651 1089 1724 venit,
1155 1651 1351 1723 plures
1420 1650 1595 1707 etiam
1666 1654 1870 1721 gentes
1935 1653 2135 1707 contra
2200 1650 2598 1722 imperatorem

391 1746 650 1799 nostrum
711 1740 1034 1799 concitatae
1080 1743 1232 1795 sunt.
1321 1735 1471 1795 Erat
1516 1737 1671 1794 enim
1717 1740 1903 1794 metus
1952 1736 2201 1794 iniectus
2246 1737 2318 1794 iis
2364 1739 2597 1796 nationi-

390 1828 531 1902 buS,
591 1843 732 1900 quas
792 1842 1100 1898 numquam
1151 1826 1398 1899 populus
1443 1823 1734 1882 Romanus
1783 1839 1974 1895 neque
2034 1824 2405 1883 lacessendas
2461 1826 2598 1884 bello

391 1934 580 1988 neque
621 1913 988 1989 temptandas
1033 1914 1286 1986 putavit3
1347 1918 1477 1969 erat
1508 1913 1684 1970 etiam
1714 1912 1834 1969 alia
1869 1912 2061 1984 gravis
2091 1918 2267 1984 atque
2299 1914 2595 1971 vehemens

393 2005 614 2078 opinio,
673 2014 825 2075 quae
872 2003 1092 2060 animos
1133 2002 1392 2073 gentium
1435 1999 1818 2059 barbararum
1861 2006 2228 2073 pervaserat,
2285 2000 2407 2060 fani
2455 2003 2594 2059 locu-

392 2092 697 2165 pletissimi
760 2097 819 2149 et
880 2088 1296 2164 religiosissimi
1337 2086 1651 2162 diripiendi
1696 2103 1872 2145 causa
1916 2087 1977 2144 in
2025 2103 2125 2146 eas
2171 2104 2303 2147 oras
2349 2095 2595 2148 nostrum

395 2196 523 2239 esse
589 2180 908 2238 exercitum
968 2176 1300 2236 adductum.
1332 2164 1367 2186 '⁴
1403 2176 1494 2237 Ita
1549 2176 1811 2234 nationes
1870 2176 2089 2235 multae
2144 2182 2320 2249 atque
2355 2192 2593 2251 magnae

390 2285 538 2326 novo
580 2266 826 2339 quodam
871 2272 1096 2325 terrore
1142 2282 1211 2324 ac
1241 2270 1399 2323 metu
1431 2265 1883 2324 concitabantur.
1959 2265 2177 2344 Noster
2207 2271 2405 2324 autem
2438 2282 2588 2325 exer-

392 2357 539 2413 citus
576 2355 807 2412 tametsi
846 2354 1048 2412 urbem
1093 2370 1167 2411 ex
1209 2352 1480 2427 Tigranis
1503 2346 1554 2431 2)
1597 2369 1777 2424 regno
1824 2358 2063 2424 ceperat
2110 2358 2168 2411 et
2198 2356 2441 2426 proeliis
2472 2367 2593 2413 usus

391 2448 517 2502 erat
586 2441 884 2516 secundis,
948 2447 1145 2501 tamen
1198 2442 1379 2499 nimia
1434 2440 1857 2514 longinquitate
1913 2442 2167 2499 locorum
2210 2458 2279 2499 ac
2320 2442 2595 2502 desiderio

285 2529 369 2585 24
388 2547 619 2589 suorum
676 2528 1157 2589 commovebatur.
1247 2530 1360 2587 Hic
1403 2531 1539 2588 ‘iam
1605 2529 1775 2601 plura
1834 2544 1949 2586 non
1995 2527 2223 2603 dicam3
2290 2527 2404 2590 fuit
2459 2532 2595 2589 enim

386 2619 530 2677 illud
571 2623 918 2691 extremum,
973 2623 1040 2675 ut
1083 2635 1155 2676 ex
1192 2618 1264 2675 iis
1309 2618 1452 2675 locis
1493 2633 1530 2674 a
1573 2615 1851 2674 militibus
1899 2616 2112 2675 nostris
2157 2617 2381 2677 reditus
2429 2619 2594 2691 magis

387 2713 644 2765 maturus
689 2722 862 2778 quam
904 2707 1196 2778 processio
1240 2705 1468 2780 longior
1504 2709 1902 2777 quaereretur.
1992 2705 2366 2765 Mithridates
2413 2714 2594 2766 autem

388 2801 450 2853 et
491 2805 653 2853 suam
699 2810 930 2852 manum
973 2795 1089 2852 iam
1135 2792 1502 2852 confirmarat
1535 2808 1618 2861 ‚eo
1657 2808 1899 2850 numero
1923 2786 2007 2870 3),
2062 2794 2158 2866 qui
2206 2811 2269 2852 se
2317 2813 2391 2854 ex
2432 2796 2595 2869 ipsius

384 2900 568 2956 regno
613 2882 1021 2955 conlegerant,
1065 2887 1126 2941 et
1169 2881 1392 2955 magnis
1436 2880 1776 2939 adventiciis
1806 2880 2034 2939 auxiliis
2065 2883 2372 2940 multorum
2405 2899 2595 2956 regum

387 2976 447 3029 et
502 2971 800 3029 nationum
863 2970 1184 3030 iuvabatur.
1285 2970 1435 3027 Nam
1454 2966 1508 3048 4)
1568 2968 1679 3025 hoc
1738 2968 1864 3027 fere
1912 2970 1994 3026 sic
2038 2968 2168 3026 fieri
2208 2971 2399 3030 solere
2444 2986 2595 3030 acce-

384 3060 601 3132 pimus,
648 3063 713 3116 ut
756 3073 956 3131 regum
997 3056 1266 3116 adflictae
1302 3056 1571 3115 fortunae
1602 3055 1777 3115 facile
1814 3057 2122 3115 multorum
2158 3074 2299 3132 opes
2331 3060 2595 3118 adliciant

384 3146 459 3204 ad
521 3146 976 3204 misericordiam
1048 3146 1408 3217 maximeque
1467 3160 1696 3218 eorum,
1767 3145 1866 3216 qui
1920 3150 2023 3202 aut
2082 3161 2254 3220 reges
2315 3154 2453 3206 sunt
2510 3151 2596 3204 aut

383 3235 578 3292 vivunt
639 3234 700 3291 in
743 3250 961 3307 regn0‚
1020 3240 1085 3291 ut
1127 3234 1199 3291 iis
1242 3249 1453 3291 nomen
1497 3234 1698 3305 regale
1743 3249 2015 3306 magnum
2062 3238 2123 3291 et
2167 3240 2432 3294 sanctum
2479 3250 2592 3293 esse

283 3315 364 3374 25
384 3321 666 3381 videatur.
756 3324 962 3394 Itaque
1008 3326 1233 3380 tantum
1278 3321 1463 3380 victus
1511 3318 1744 3379 efficere
1792 3319 2007 3395 potuit,
2065 3327 2345 3393 quantum
2390 3324 2595 3381 incolu-

557 3575 610 3641 1)
664 3574 727 3627 In
767 3575 876 3641 opt.
925 3573 1079 3626 libris
1116 3574 1199 3627 est
1233 3572 1395 3625 illum
1430 3590 1467 3625 a
1505 3578 1618 3626 tam
1655 3572 2026 3641 persequendi.
2101 3591 2137 3626 a
2171 3578 2285 3627 tam
2322 3591 2384 3627 ex
2422 3573 2593 3641 glossa

381 3643 578 3696 Aetam
630 3641 831 3698 factum
888 3660 1005 3697 esse
1057 3643 1195 3697 vidit
1227 3643 1407 3697 Halm.
1692 3645 1746 3710 2)
1809 3644 2039 3711 Tiyrani
2075 3645 2356 3698 Eberhard
2394 3661 2455 3697 ex
2487 3640 2589 3697 cod.

383 3712 568 3767 Colon.
782 3716 837 3781 3)
877 3714 966 3768 Sic
1004 3714 1062 3768 C.
1101 3716 1162 3768 F.
1191 3714 1274 3769 W.
1312 3714 1538 3767 Miiller:
1582 3719 1630 3767 et
1676 3730 1859 3767 eorum
1894 3715 2067 3780 codd.;
2118 3732 2303 3768 eorum
2343 3715 2590 3769 Matthiae

381 3787 437 3837 et
494 3783 740 3851 Madvig:
821 3789 871 3838 et
923 3801 1106 3838 eorum
1168 3815 1229 3824 —-
1294 3785 1634 3852 conleyerant
1694 3785 1912 3839 inclusit
1969 3786 2238 3853 Benecke,
2313 3781 2590 3841 Eberhard.

378 3854 435 3922 4)
487 3855 638 3909 Nam
679 3873 707 3909 e
745 3855 859 3909 cod.
898 3854 1155 3910 Parcensi
1193 3872 1295 3910 rec.
1318 3856 1511 3918 Halm;
1553 3856 1679 3909 cett.
1719 3855 1872 3909 codd.
1910 3856 2041 3911 iam.
