2669 4354
889 248 1072 287 Ltsnn
1115 247 1400 298 QVARTVS.
2128 234 2251 292 333

87 421 409 493 egotiantur
463 454 549 462 —
603 439 720 481 non
771 422 1026 481 audebat
1085 423 1278 495 palam
1336 438 1576 495 poscere
1639 428 1740 481 aut
1791 425 2029 499 tollere,
2102 442 2251 498 quae

85 508 363 566 Iacebant.
455 509 719 568 Herculis
763 512 1037 583 templum
1083 517 1172 570 est
1215 509 1369 583 apud
1400 511 1810 585 Agrigentinos
1832 504 1884 590 1)
1917 529 2032 571 non
2077 514 2249 586 longe
2273 517 2355 574 94

118 594 271 669 foro,
318 613 461 655 sane
509 598 769 656 s'anctum
817 598 967 671 apud
1011 600 1142 658 illos
1190 607 1250 657 et
1288 599 1637 672 religiosum.
1727 599 1816 656 Ibi
1863 606 1953 657 est
1992 617 2062 659 ex
2112 617 2251 660 aere

79 684 400 742 imulacrum
464 686 643 757 ipsius
702 686 967 744 Herculis
984 731 999 758 ,
1068 703 1180 758 quo
1240 703 1356 745 non
1418 686 1590 745 facile
1649 688 1892 744 dixerim
1948 689 2250 761 quicquam

81 788 128 828 ie
171 772 386 831 vidisse
431 774 728 846 pulchrius
775 806 856 814 —-
905 774 1134 833 tametsi
1182 791 1297 831 non
1344 782 1460 832 tam
1506 776 1745 832 multum
1789 775 1849 831 in
1905 774 2029 833 istis
2075 775 2250 835 rebus

80 859 344 931 atellego‚
392 877 563 932 quam
594 862 772 920 multa
813 861 932 919 vidi
980 895 1091 935 —,
1137 878 1318 934 usque
1367 877 1454 935 e0‚
1499 862 1738 936 iudices,
1782 867 1846 920 ut
1884 863 2092 921 rictum
2124 865 2249 922 eius

79 963 109 1003 c
141 953 401 1005 mentum
442 950 617 1021 paulo
649 951 724 1007 sit
764 949 1035 1022 attritiuS,
1081 950 1231 1021 quod
1276 951 1337 1007 in
1375 951 1644 1021 precibus
1683 956 1743 1008 et
1773 951 2251 1022 gratulationibus

78 1052 151 1093 on
190 1038 374 1094 solum
404 1036 465 1094 id
506 1038 796 1110 venerari,
845 1054 1045 1095 verum
1089 1038 1264 1096 etiam
1296 1036 1545 1095 osculari
1579 1039 1782 1097 solent.
1837 1038 1925 1096 Ad
1970 1039 2077 1097 hoc
2107 1045 2253 1096 tem-

80 1123 216 1198 lum‚
279 1138 408 1181 cum
456 1131 610 1182 esset
647 1126 756 1183 iste
801 1125 1142 1199 Agrigenti,
1209 1125 1355 1184 duce
1401 1124 1766 1184 Timarchide
1795 1132 2037 1199 repente
2082 1132 2250 1185 nocte

78 1217 388 1284 itempesta
454 1229 750 1271 servorum
818 1219 1169 1272 armatorum
1236 1209 1301 1271 fit
1360 1229 1671 1271 concursus
1743 1220 1916 1285 atque
1982 1216 2250 1287 impetus.

76 1299 264 1358 {lamor
306 1314 343 1356 a
399 1300 669 1372 vigilibus
722 1299 958 1373 fanique
1016 1300 1343 1359 custodibus
1398 1301 1645 1375 tollitur,
1720 1302 1817 1373 qui
1875 1303 2062 1374 primo
2120 1320 2250 1360 cum

78 1387 317 1446 bsistere
365 1403 435 1446 ac
474 1388 792 1447 defendere
839 1394 1222 1461 conarentur,
1279 1389 1430 1447 male
1476 1388 1712 1446 mulcati
1755 1389 1930 1447 clavis
1976 1405 2045 1447 ac
2085 1390 2252 1448 fusti-

76 1492 138 1532 ·us
189 1475 570 1547 repelluntur.
688 1477 901 1536 Postea
959 1477 1237 1535 convolsis
1304 1478 1596 1549 repagulis
1657 1476 2017 1549 effractisque
2075 1479 2251 1536 valvis

76 1564 302 1621 lemoliri
360 1564 584 1636 signum
640 1581 708 1623 ac
761 1565 1024 1622 vectibus
1072 1562 1428 1622 labefactare
1476 1571 1769 1622 conantur.
1880 1564 2118 1623 Interea
2179 1582 2251 1623 ex

74 1651 292 1710 :lamore
340 1649 496 1709 fama
541 1658 664 1709 tota
708 1651 850 1710 urbe
896 1651 1229 1724 percrebuit
1251 1678 1254 1689 >
1275 1652 1594 1724 expugnari
1640 1651 1781 1709 deos
1825 1653 2070 1724 patrios,
2134 1669 2250 1711 non

74 1732 289 1796 nostium
334 1739 590 1798 adventu
639 1740 984 1811 necopinato
1032 1755 1220 1811 neque
1266 1739 1571 1811 repentino
1614 1738 1969 1810 praedonum
2014 1740 2249 1813 impetu,

78 1826 140 1883 ed
187 1844 255 1885 ex
316 1828 484 1886 domo
542 1833 716 1900 atque
760 1844 829 1885 ex
887 1828 1118 1885 cohorte
1174 1827 1468 1899 praetoria
1488 1821 1539 1906 2)
1592 1842 1823 1884 manum
1879 1825 2246 1901 fugitivorum

74 1921 378 1973 astructam
429 1921 825 1989 armatamque
871 1917 1116 1974 venisse.
1224 1915 1407 1972 Nemo
1453 1914 1754 1986 Agrigenti
1808 1931 1996 1986 neque
2052 1920 2247 1974 aetate
2271 1918 2351 1977 95

73 2017 156 2059 am
223 2002 456 2061 adfecta
520 2020 707 2076 neque
769 2004 984 2062 viribus
1050 2010 1167 2062 tam
1232 2000 1472 2060 infirmis
1494 1995 1549 2082 ³)
1610 2001 1747 2075 fuit,
1823 2002 1919 2074 qui
1975 2018 2091 2060 non
2148 2004 2250 2061 illa

73 2096 205 2148 nocte
269 2108 338 2149 eo
393 2093 597 2150 nuntio
644 2092 925 2149 excitatus
970 2091 1288 2150 surrexerit
1326 2091 1645 2163 telumque,
1687 2088 1837 2162 quod
1882 2091 2087 2162 cuique
2132 2089 2249 2148 fors

72 2175 349 2254 ›fferebat‚
398 2179 735 2254 adripuerit.
825 2182 1032 2253 Itaque
1076 2180 1239 2237 brevi
1284 2185 1543 2250 tempore
1600 2176 1674 2236 ad
1727 2175 1927 2235 fanum
1982 2194 2051 2236 ex
2101 2179 2248 2236 urbe

72 2272 162 2324 ota
217 2269 597 2340 concurritur.
709 2268 924 2326 Horam
992 2268 1235 2340 amplius
1252 2259 1306 2346 ⁴)
1360 2268 1476 2324 iam
1542 2267 1603 2324 in
1668 2266 2031 2325 demoliendo
2085 2267 2248 2340 signo

70 2357 308 2422 permulti
370 2357 630 2415 homines
700 2356 1115 2428 moliebantur3
1180 2354 1324 2412 illud
1380 2356 1611 2413 interea
1670 2354 1831 2412 nulla
1893 2353 2128 2412 lababat
2180 2371 2251 2411 ex

70 2449 228 2517 parte,
299 2460 429 2501 cum
485 2445 586 2503 alii
637 2443 893 2502 vectibus
953 2443 1227 2501 subiectis
1289 2448 1640 2500 conarentur
1694 2457 2080 2515 commovere,
2152 2442 2251 2500 alii

70 2527 357 2604 leligatum
399 2534 661 2592 omnibus
710 2531 983 2590 membris
1027 2546 1236 2604 rapere
1282 2530 1359 2587 ad
1403 2547 1465 2588 se
1512 2529 1757 2587 funibus
1861 2529 1947 2587 Ac
2007 2536 2249 2601 repente

70 2617 405 2691 Agrigentini
447 2627 827 2678 concurrunt:
880 2619 947 2677 fit
992 2635 1199 2691 magna
1242 2617 1551 2690 lapidatio:
1590 2616 1732 2674 dant
1776 2632 1905 2674 sese
1949 2618 2012 2673 in
2057 2616 2251 2690 fugam

68 2703 204 2764 istius
251 2709 545 2780 praeclari
589 2708 957 2780 imperatoris
1002 2705 1266 2765 nocturni
1320 2705 1550 2762 milites.
1655 2704 1785 2761 Duo
1826 2708 2020 2761 tamen
2064 2704 2255 2777 sigilla

68 2796 389 2866 ¹aerparvula
430 2797 674 2870 tollunt,
732 2812 807 2853 ne
853 2796 1082 2853 omnino
1129 2795 1332 2851 inanes
1377 2792 1451 2850 ad
1505 2793 1677 2849 istum
1721 2790 2073 2863 praedonem
2117 2793 2255 2849 reli-

68 2879 268 2950 gionum
309 2890 697 2943 revertantur.
805 2884 1126 2954 Numquam
1170 2888 1290 2938 tam
1337 2883 1487 2937 male
1534 2884 1625 2937 est
1668 2879 1901 2952 Siculis,
1962 2879 2101 2951 quin
2150 2880 2255 2938 ali-

69 2967 181 3036 1uid
225 2969 419 3029 facete
481 2978 543 3029 et
605 2971 902 3029 commode
958 2969 1178 3027 dicant:
1247 2968 1407 3025 velut
1474 2968 1535 3024 in
1589 2966 1699 3024 hac
1763 2982 1829 3024 re
1890 2968 2128 3025 aiebant
2195 2968 2258 3024 in

66 3053 272 3132 labores
325 3058 597 3117 Herculis
642 3075 758 3117 non
812 3059 1001 3116 minus
1060 3058 1213 3115 hunc
1268 3055 1743 3113 immanissimum
1783 3055 2025 3112 Verrem
2085 3070 2257 3127 quam

66 3142 204 3202 illum
249 3163 453 3219 aprum
496 3147 936 3221 Erymanthium
979 3144 1187 3203 referri
1230 3150 1520 3217 oportere.

216 3233 383 3292 Hanc
430 3235 704 3294 virtutem
746 3234 1258 3309 Agrigentinorum
1301 3232 1510 3289 imitati
1554 3236 1687 3288 sunt
1729 3228 1993 3289 Assorini
2035 3233 2255 3302 postea,
2274 3227 2363 3292 44

66 3317 158 3374 n‘ri
196 3319 376 3380 fortes
420 3329 480 3381 et
524 3321 761 3395 fideles,
822 3322 926 3380 sed
972 3337 1336 3393 nequaquam
1382 3336 1454 3377 ex
1498 3325 1617 3377 tam
1663 3319 1853 3391 ampla
1901 3331 2091 3388 neque
2136 3322 2257 3375 tam
2280 3322 2359 3378 96

64 3421 122 3461 ex
168 3408 340 3467 nobili
405 3412 658 3469 civitate.
773 3409 1020 3483 Chrysas
1079 3414 1167 3466 est
1240 3407 1423 3465 amnis
1440 3451 1455 3481 ,
1521 3407 1617 3479 qui
1684 3423 1792 3480 per
1856 3404 2257 3462 Assorinorum

64 3508 218 3565 agros
257 3495 408 3556 fluit:
457 3499 508 3556 is
555 3499 708 3571 apud
753 3498 883 3555 illos
927 3497 1176 3555 habetur
1220 3495 1363 3552 deus
1397 3500 1455 3553 et
1501 3495 1784 3567 religione
1829 3493 2079 3551 maxima
2124 3493 2262 3553 coli-

195 3720 243 3786 1)
290 3720 442 3789 apud
479 3719 867 3787 Ayriyentinos
904 3719 1031 3772 incl.
1077 3717 1250 3778 Bake,
1301 3715 1523 3782 Kayser.
1737 3716 1791 3783 2)
1828 3715 2111 3783 praetoris
2147 3716 2181 3770 J
2183 3732 2263 3769 or-

62 3787 188 3850 dan,
233 3794 293 3843 ut
329 3794 412 3844 est
447 3792 503 3844 in
540 3790 655 3844 cod.
696 3791 830 3856 Reg.
1043 3788 1097 3854 3)
1147 3786 1277 3839 Cod.
1315 3786 1449 3851 Reg.
1486 3784 1755 3850 infirmus.
1967 3787 2022 3853 4)
2075 3786 2162 3838 Sic
2200 3803 2261 3839 ex

62 3859 265 3927 optimis
304 3861 570 3915 codicibus
609 3860 799 3923 Orell.;
839 3859 985 3929 vulg.
1025 3858 1162 3911 hora
1198 3856 1342 3926 quod
1357 3856 1547 3925 Zumpt
1583 3871 1686 3910 sec.
1725 3855 1902 3910 Guelf.
1941 3857 2189 3911 servavit.
