2669 4354
230 942 352 1000 121

274 1548 361 1615 57

240 2434 361 2492 122

370 221 542 314 {bf}—
1389 239 1611 281 omno

894 412 995 487 qui
1030 432 1144 471 rem
1184 412 1462 488 publicam
1505 415 1685 471 (inimo
1730 417 1872 471 corto
1895 406 1948 494 1)
1992 411 2283 485 αῶὴίυονίέ,

630 499 893 557 etciwerit
907 545 920 571 ,
965 502 1178 559 steterit
1219 520 1339 559 cum
1383 501 1634 577 Achivis,

371 620 455 632 —-
502 588 795 646 vobiscum
849 605 942 646 me
988 592 1219 648 stetisse
1279 590 1536 664 dicebat,
1593 595 1816 648 vestros
1860 589 2090 647 ordines
2131 588 2561 647 demonstrabat:
2641 647 2642 654 χ

371 677 755 737 revocabatur
798 674 872 733 ab
917 677 1200 735 universis
1246 711 1327 719 —

1288 784 1351 823 re
1395 764 1560 823 dubia

632 851 769 908 Mat
792 844 846 928 ²)
890 851 1163 910 dubae‘tarit
1207 853 1377 911 vitam
1421 852 1617 930 offerre
1659 854 1754 909 πόα
1796 853 1975 927 capiti
2008 852 2327 925 pepercerit.

373 942 537 999 Haec
599 938 831 1013 quantis
893 941 965 998 ab
1033 941 1135 998 illo
1195 942 1540 1007 clamoribus
1612 940 1959 1014 agebantur!
2040 957 2170 997 cum
2222 941 2335 997 iam
2381 940 2566 996 omisso
2641 993 2642 996 ,

375 1035 544 1102 gestu
592 1025 786 1085 verbis
830 1032 1039 1098 poetae
1099 1034 1159 1088 et
1203 1029 1394 1087 studio
1440 1030 1652 1087 actoris
1673 1022 1726 1107 ³)
1788 1035 1845 1087 et
1893 1028 2313 1101 exspectationi
2357 1032 2568 1085 nostrae

372 1114 751 1191 plauderetur
765 1136 779 1171 ε

635 1202 918 1260 smmum
959 1205 1214 1277 amioum,
1260 1206 1463 1261 stimmo
1505 1205 1568 1262 in
1613 1203 1763 1274 bello,

375 1309 510 1351 nam
565 1289 711 1349 illud
768 1291 895 1363 ipse
943 1297 1107 1349 actor
1148 1292 1501 1367 adiungebat
1557 1293 1742 1351 amico
1790 1292 1980 1350 animo
2022 1298 2082 1350 et
2126 1289 2374 1349 fortasse
2420 1290 2574 1349 homi-

376 1398 482 1441 nes
524 1384 769 1454 propter
812 1378 1043 1451 aliquod
1088 1379 1438 1439 desiderium
1485 1379 1916 1453 approbabant:
2079 1393 2082 1396 “

1033 1469 1236 1525 stimmo
1279 1469 1492 1543 inqem'o
1533 1468 1860 1541 praeditum.

552 1555 678 1614 Iam
734 1552 869 1627 illa,
936 1561 1149 1627 quanto
1210 1572 1338 1614 cum
1404 1557 1622 1630 gemitu
1681 1556 1878 1630 populi
1939 1555 2186 1612 Romani
2245 1555 2322 1612 ab
2395 1553 2575 1613 eodem

378 1646 554 1720 paulo
597 1647 728 1716 post
770 1644 831 1699 in
878 1644 1081 1702 eadem
1125 1642 1327 1702 fabula
1347 1639 1399 1723 ⁴)
1442 1650 1578 1702 sunt
1620 1644 1781 1702 acta!

1296 1752 1325 1789 o
1365 1735 1570 1806 pater!

377 1821 510 1895 Me,
554 1834 648 1878 me
692 1817 797 1875 ille
842 1818 1142 1877 absentem
1184 1825 1248 1878 ut
1291 1827 1519 1893 patrem
1565 1818 1984 1892 deplorandum
2026 1819 2270 1893 putabat
2289 1812 2370 1897 5),
2432 1834 2575 1891 quem

380 1910 444 1981 Q.
507 1907 780 1980 CatuluS,
857 1922 1027 1979 quem
1085 1909 1246 1965 multi
1308 1910 1409 1967 alii
1462 1925 1641 1982 saepe
1695 1908 1755 1964 in
1816 1912 2020 1964 senatu
2087 1911 2314 1981 patrem
2375 1906 2576 1979 patriae

378 1997 770 2056 nominarant.
884 1993 1108 2064 Quanto
1156 2012 1285 2053 cum
1328 1994 1470 2054 fletu
1516 1996 1589 2054 de
1626 1996 1742 2054 illis
1786 1995 1998 2053 nostris
2042 1994 2329 2052 incendiis
2374 2011 2443 2052 ac
2483 1994 2577 2051 rui-

378 2087 470 2143 nis
488 2130 501 2156 ,
564 2098 694 2141 cum
739 2086 964 2155 patrem
1006 2083 1256 2155 pulsum,
1317 2086 1566 2156 patriam
1613 2081 1903 2142 adflictam
1951 2082 2284 2155 deploraret
2300 2127 2315 2155 ,
2377 2083 2577 2140 domum

379 2176 679 2232 incensam
699 2215 714 2243 ,
779 2186 1070 2244 eversam3
1140 2188 1289 2244 quae
1314 2169 1367 2249 ⁶)
1444 2172 1527 2230 sic
1568 2172 1715 2246 egit,
1789 2176 1853 2229 ut
1910 2170 2306 2230 demonstrata
2363 2171 2576 2244 pristina

381 2262 644 2332 fortuna,
689 2273 818 2316 cum
858 2275 922 2315 se
969 2262 1365 2334 convertisset,

645 2345 772 2403 haec
815 2347 998 2404 emnia
1040 2347 1161 2404 vidi
1200 2348 1569 2422 irficimmoeri:

380 2437 579 2496 fletum
629 2434 807 2493 etiam
852 2435 1100 2492 inimicis
1142 2440 1314 2508 atque
1373 2436 1582 2494 invidis
1632 2436 1941 2493 excitaret!
2033 2435 2145 2492 Pro
2198 2434 2258 2493 di
2313 2437 2576 2494 immorta-

380 2527 496 2586 les!
572 2519 710 2597 quid
754 2523 880 2596 illa,
942 2539 1110 2594 quem
1155 2523 1229 2581 ad
1271 2524 1499 2581 modum
1546 2524 1693 2582 dixit
1745 2524 1929 2582 idem!
1990 2538 2139 2596 quae
2184 2523 2328 2580 mihi
2373 2523 2576 2597 quidem

380 2616 467 2674 ita
535 2620 594 2672 et
653 2616 785 2670 acta
843 2616 904 2668 et
948 2610 1162 2683 scripta
1215 2611 1484 2670 videntur
1542 2628 1697 2685 esse,
1772 2617 1837 2669 ut
1892 2611 1986 2668 vel
2044 2627 2081 2668 a
2134 2610 2199 2682 Q.
2251 2610 2477 2681 Catum,
2538 2608 2575 2665 si

380 2703 722 2772 revixisset,
761 2699 1062 2772 praeclare
1108 2716 1276 2772 posse
1324 2699 1439 2757 dici
1486 2698 1849 2771 viderentur3
1890 2700 1939 2756 is
1987 2699 2140 2757 enim
2185 2699 2373 2758 libere
2404 2713 2577 2770 repre-

380 2789 642 2852 hendere
686 2794 748 2847 et
804 2802 1081 2846 accusare
1137 2788 1333 2862 populi
1396 2804 1512 2845 non
1571 2803 1880 2859 numquam
1940 2787 2331 2846 temeritatem
2383 2786 2579 2846 solebat

381 2887 480 2941 aut
522 2892 783 2938 errorem
828 2879 1092 2933 senatus:

646 2984 675 3021 o
719 2963 1028 3038 inqratifi'oi
1066 2961 1294 3036 Arqivi,
1340 2963 1600 3019 immunes
1649 2962 1823 3034 G'rcii,
1868 2963 2197 3019 mmemores
2238 2961 2453 3037 be'nefioi
2461 2964 2483 3017 !

380 3059 515 3117 Non
573 3058 703 3113 erat
752 3051 899 3109 illud
944 3050 1175 3123 quidem
1228 3066 1457 3122 verum3
1532 3066 1648 3107 non
1710 3051 1862 3107 enim
1921 3049 2165 3124 ingrati,
2234 3052 2338 3110 sed
2389 3047 2577 3119 miseri,

383 3143 596 3219 quibus
653 3139 901 3199 reddere
947 3139 1191 3196 salutem
1211 3182 1224 3208 ‚
1300 3154 1337 3194 a
1394 3154 1506 3210 quo
1566 3142 1942 3212 acceperant,
2021 3153 2134 3194 non
2189 3139 2417 3212 liceret,
2484 3151 2577 3193 nec

382 3249 531 3292 unus
582 3231 646 3288 in
692 3241 1040 3302 quemquam
1085 3241 1358 3299 umquam
1411 3227 1633 3299 gratior
1677 3243 1847 3298 quam
1907 3226 1970 3282 in
2027 3242 2120 3283 me
2180 3227 2451 3285 universi:
2507 3254 2573 3262 -

382 3320 486 3380 sed
528 3324 729 3376 tamen
773 3312 916 3374 illud
962 3313 1191 3386 scripsit
1235 3313 1651 3372 disertissimus
1690 3318 1861 3385 poeta
1905 3330 2012 3386 pro
2056 3330 2149 3372 me
2178 3309 2258 3388 ⁷),
2324 3315 2440 3388 egit
2479 3311 2574 3369 for-

382 3407 637 3467 tissimus
683 3409 874 3478 actor,
919 3418 1036 3460 non
1082 3403 1265 3460 solum
1311 3402 1562 3474 optimus
1580 3447 1595 3475 ,
1658 3401 1731 3460 de
1778 3417 1871 3459 me
1886 3445 1901 3472 ,
1958 3418 2084 3458 cum
2130 3418 2328 3461 omnes
2371 3401 2573 3460 ordines

527 3643 579 3708 1)
622 3639 712 3693 Sic
751 3637 1016 3701 Ribbeck;
1054 3641 1196 3690 certo
1236 3636 1421 3690 animo
1458 3635 1609 3689 codd.
1755 3635 1812 3702 2)
1852 3635 2071 3702 Madvig
2108 3635 2279 3698 haut,·
2314 3634 2457 3689 codd.
2492 3633 2570 3684 aut

387 3713 468 3766 vel
505 3717 584 3766 ut.
753 3709 807 3776 3)
847 3707 1011 3763 Codd.
1049 3706 1306 3763 auctoris,
1471 3707 1528 3773 4)
1561 3704 1623 3757 in
1658 3705 1843 3758 eadem
1878 3706 2075 3773 fabula
2111 3707 2261 3760 Bake
2297 3706 2441 3760 uncis
2474 3700 2567 3756 incl.

389 3784 444 3849 5)
483 3779 651 3836 Codd.
680 3783 948 3846 putarat,
987 3778 1198 3844 Kochly
1236 3777 1367 3830 coni.
1408 3774 1743 3844 appellabat.
1923 3777 1978 3843 6)
2017 3775 2108 3829 Sic
2140 3777 2309 3842 Bake;
2335 3786 2564 3829 eversam·

390 3866 493 3918 que
531 3849 683 3904 codd.
829 3849 883 3915 7)
912 3863 1020 3914 pro
1056 3863 1114 3900 re
1150 3849 1284 3901 coni.
1322 3847 1592 3916 Madvig.;
1630 3845 1878 3900 Lambin.
1906 3862 2016 3914 pro
2060 3847 2356 3902 Telamone.
