2669 4354
884 279 1067 317 mmm
1110 279 1395 327 QVARTVS.
2121 270 2158 323 3
2170 268 2199 322 1
2213 269 2239 320 1

213 449 476 522 Conquiri
535 452 852 510 Diodorum
919 458 1043 510 tota
1104 454 1403 525 provincia
1461 454 1639 513 iubet.
1745 454 1852 512 Ille
1917 471 1987 511 ex
2048 453 2247 512 Sicilia
2268 447 2352 513 19

83 539 165 594 iam
220 543 408 596 eastra
463 545 849 597 commoverat
908 545 968 597 et
1025 556 1164 597 vasa
1218 542 1572 615 conlegerat.
1675 542 1890 615 Homo,
1952 548 2018 599 ut
2055 544 2246 615 aliquo
2266 543 2350 598 40

77 626 201 682 modo
250 627 313 682 in
366 626 724 699 provinciam
779 627 938 683 illum
985 634 1318 702 revocaret,
1384 629 1535 686 hanc
1589 631 1880 703 excogitat
1939 631 2243 702 rationem,

76 714 108 768 si
138 713 271 771 haec
312 715 463 772 ratio
500 716 692 787 potius
737 731 904 786 quam
967 716 1222 773 amentia
1276 715 1626 775 nominanda
1676 723 1795 775 est:
1873 719 2112 791 apponit
2169 718 2242 775 de

75 801 158 856 suis
197 802 433 859 canibus
486 802 799 875 quendam,
865 802 963 874 qui
1019 802 1178 859 dicat
1233 819 1296 861 se
1350 802 1665 862 Diodorum
1724 805 2096 863 Melitensem
2155 806 2245 862 rei

76 889 295 959 capitalis
357 904 522 946 reum
571 890 720 947 velle
781 888 997 947 facere.
1126 890 1320 947 Primo
1390 893 1596 949 mirum
1660 893 1921 951 omnibus
1982 892 2167 950 videri
2194 888 2243 971 ¹)

75 974 345 1034 Diodorum
407 993 600 1049 reum,
677 977 963 1034 hominem
1023 978 1469 1052 quietissimum,
1549 980 1622 1037 ab
1685 981 1838 1038 omni
1898 996 2014 1037 non
2074 980 2244 1038 modo

75 1061 334 1137 facinoris,
396 1081 593 1122 verum
640 1065 815 1121 etiam
870 1065 1088 1122 minimi
1146 1068 1324 1123 errati
1386 1066 1708 1138 suspicione
1770 1068 2244 1142 remotissimum3

73 1149 242 1209 deinde
290 1169 417 1210 esse
464 1152 833 1225 perspicuum
879 1150 1006 1210 fieri
1053 1153 1246 1210 omnia
1291 1153 1394 1211 illa
1439 1161 1678 1226 propter
1716 1161 2036 1229 argentum.
2126 1156 2243 1213 Iste

73 1254 154 1295 non
194 1239 418 1297 dubitat
460 1239 660 1297 iubere
709 1254 919 1298 nomen
965 1239 1171 1298 referri
1196 1234 1247 1319 ²)
1310 1248 1371 1298 et
1419 1247 1539 1299 tum
1598 1243 1874 1315 primum,
1926 1248 1991 1301 ut
2010 1237 2062 1321 ⁸)
2122 1243 2246 1316 opi-

74 1342 169 1399 nor,
221 1328 395 1384 istum
452 1328 708 1385 absentis
771 1344 979 1385 nomen
1033 1328 1346 1400 recepisse.
1458 1329 1575 1387 Res
1643 1331 1803 1388 clara
1865 1330 2064 1389 Sicilia
2124 1335 2246 1387 tota
2265 1330 2344 1384 41

71 1420 268 1485 propter
313 1415 523 1472 caelati
586 1416 811 1488 argenti
858 1413 1231 1487 cupiditatem
1277 1431 1411 1473 reos
1468 1414 1596 1474 fieri
1652 1434 1847 1476 rerum
1894 1417 2245 1490 capitalium,

71 1517 221 1573 neque
267 1504 450 1560 solum
495 1518 627 1560 reos
684 1500 848 1574 fieri,
904 1502 1007 1559 sed
1054 1502 1229 1560 etiam
1287 1503 1573 1562 absentes
1676 1504 1967 1563 Diodorus
2027 1505 2243 1564 Romae

73 1589 357 1648 sordidatus
406 1592 619 1647 circum
677 1596 953 1661 patronos
1010 1595 1183 1662 atque
1239 1590 1496 1663 hospites
1551 1609 1786 1650 cursare
1805 1638 1820 1666 ,
1882 1609 2008 1650 rem
2066 1595 2247 1650 omni-

73 1674 147 1733 bus
183 1695 438 1735 narrare.
567 1677 825 1735 Litterae
872 1677 1177 1735 mittuntur
1236 1678 1334 1736 isti
1392 1695 1428 1735 a
1483 1686 1650 1752 patre
1696 1680 2069 1738 vehementes
2088 1725 2103 1753 ,
2171 1681 2244 1745 ab

72 1765 232 1823 amieis
277 1766 451 1835 item,
498 1764 756 1836 videret,
818 1763 954 1837 quid
992 1771 1197 1839 ageret
1240 1766 1313 1823 de
1361 1766 1618 1824 Diodoro
1641 1760 1724 1845 4),
1784 1783 1893 1838 quo
1933 1766 2244 1840 progrede-

73 1857 220 1923 retur3
277 1869 403 1910 rem
451 1854 667 1910 claram
712 1868 842 1909 esse
890 1858 949 1909 et
993 1851 1365 1927 invidiosam3
1423 1854 1676 1911 insanire
1723 1854 2038 1926 hominem,
2092 1857 2246 1926 peri-

71 1944 219 1996 turum
264 1942 374 1998 hoc
422 1956 534 1997 uno
583 1939 854 2007 crimine,
927 1940 1038 1997 nisi
1097 1941 1360 1997 cavisset.
1459 1940 1577 1998 Iste
1625 1941 1801 1999 etiam
1840 1946 1959 1999 tum
2003 1948 2244 2014 patrem,

73 2025 244 2084 sinon
299 2028 358 2085 in
415 2028 700 2099 parentiS,
761 2032 822 2084 at
873 2028 933 2083 in
989 2027 1283 2084 hominum
1342 2044 1582 2086 numero
1636 2029 1901 2102 putabat:
1965 2029 2039 2086 ad
2098 2029 2247 2086 iudi-

73 2113 190 2170 cium
232 2115 486 2172 nondum
533 2130 594 2172 se
632 2115 772 2173 satis
815 2116 1188 2188 instruxerat,
1233 2116 1453 2189 primus
1499 2133 1682 2174 annus
1729 2122 1857 2174 erat
1896 2117 2245 2191 provinciae,

74 2216 181 2274 non,
252 2210 322 2261 ut
370 2205 430 2261 in
480 2201 744 2269 Sthenio,
819 2204 933 2260 iam
979 2202 1228 2260 refertus
1280 2205 1543 2276 pecunia.
1662 2204 1866 2277 Itaque
1912 2203 2076 2262 furor
2120 2206 2247 2263 eius

72 2291 328 2357 paululum
374 2308 491 2349 non
531 2291 780 2364 pudore,
840 2290 943 2348 sed
989 2295 1146 2348 metu
1186 2307 1254 2347 ac
1300 2293 1510 2350 timore
1557 2309 1855 2365 repressus
1904 2299 2010 2351 est.
2100 2292 2248 2350 Con·

73 2374 312 2437 demnare
351 2378 668 2436 Diodorum
727 2394 841 2435 non
888 2378 1063 2436 audet
1121 2379 1452 2437 absentem:
1510 2380 1582 2437 de
1629 2381 1744 2438 reis
1792 2381 2004 2439 eximit.
2108 2380 2248 2437 Dio-

73 2461 209 2522 dorus
250 2468 482 2525 interea
539 2472 807 2537 praetore
853 2465 964 2524 isto
1016 2482 1196 2538 prope
1249 2468 1562 2525 triennium
1614 2468 1911 2539 provincia
1964 2467 2248 2540 domoque

73 2554 239 2612 caruit.
342 2553 572 2626 Ceteri,
628 2569 742 2610 non
801 2554 981 2611 solum
1022 2554 1229 2626 Siculi,
1288 2554 1392 2612 sed
1434 2556 1609 2613 etiam
1656 2556 1811 2612 cives
1851 2554 2097 2613 Romani
2143 2556 2248 2612 hoc
2268 2551 2348 2606 42

73 2643 387 2698 statuerant:
450 2641 719 2712 quoniam
774 2642 884 2697 iste
931 2645 1150 2698 tantum
1203 2642 1516 2714 cupiditate
1575 2642 2050 2716 progrederetur,
2104 2643 2248 2699 nihil

71 2741 169 2784 esse
216 2728 367 2800 quod
413 2728 714 2800 quisquam
758 2732 993 2800 putaret
1037 2745 1128 2800 se,
1190 2728 1339 2800 quod
1384 2730 1483 2786 isti
1527 2729 1698 2801 paulo
1743 2730 1925 2801 magis
1970 2731 2247 2801 placeret,

70 2826 381 2875 conservare
430 2822 529 2873 aut
574 2815 725 2873 domi
765 2816 1020 2873 retinere
1067 2831 1266 2888 posse:
1320 2821 1523 2889 postea
1568 2832 1706 2874 vero
1742 2834 1910 2888 quam
1948 2817 2250 2875 intellexe-

68 2909 173 2958 runt
207 2906 302 2961 isti
346 2904 530 2961 virum
571 2902 813 2975 fortem,
889 2919 1059 2974 quem
1114 2920 1331 2962 summe
1378 2904 1669 2976 provincia
1719 2904 2119 2976 exspectabat,
2183 2905 2247 2975 Q.

68 2988 268 3048 Arrium
315 3008 432 3049 non
480 2990 823 3063 succedere,
885 2995 1213 3049 statuerunt
1256 2992 1401 3049 nihil
1447 3008 1510 3050 se
1566 2997 1685 3049 tam
1743 2993 1996 3049 clausum
2059 3008 2247 3063 neque

67 3080 158 3133 tam
200 3079 561 3137 reconditum
619 3095 789 3151 posse
836 3077 1084 3150 habere,
1143 3079 1295 3151 quod
1356 3097 1469 3137 non
1524 3080 1690 3137 istius
1736 3079 2035 3151 cupiditati
2082 3095 2250 3152 aper-

67 3162 323 3223 tissimum
359 3167 960 3240 promptissimumque
1004 3172 1175 3226 esset.
1580 3195 1581 3198 ¹

215 3254 360 3311 Tum
418 3256 529 3311 iste
586 3255 659 3311 ab
729 3254 927 3325 equite
984 3252 1241 3311 Romano
1304 3255 1600 3326 splendido
1668 3261 1726 3312 et
1791 3255 2074 3327 gratioso,
2151 3240 2358 3312 Cam)

67 3335 292 3415 Calidio,
350 3343 510 3399 cuius
565 3339 740 3398 filium
790 3340 1008 3398 sciebat
1065 3347 1397 3399 senatorem
1455 3343 1648 3416 populi
1707 3343 1951 3400 Romani
2006 3349 2067 3399 et
2110 3341 2255 3399 iudi-

69 3440 166 3484 cem
215 3443 372 3502 esse,
432 3429 663 3486 eculeos
710 3434 1020 3501 argenteos
1064 3429 1314 3504 nobiles,
1379 3431 1474 3501 qui
1521 3430 1584 3500 Q.
1630 3429 1871 3488 Maximi
1896 3424 1947 3510 ⁶)
2007 3430 2253 3504 fuerant,

184 3663 236 3727 1)
274 3661 394 3727 fieri
435 3658 588 3713 addit
614 3657 908 3713 Eberhard.
1026 3657 1080 3727 2)
1117 3657 1310 3726 ‘referri
1334 3658 1448 3713 cod.
1474 3657 1607 3726 Reg.
1646 3657 1831 3726 Halm,
1865 3659 2053 3724 ceteri;
2092 3660 2254 3727 vulgo

66 3725 258 3811 ΨΜ·
311 3801 344 3851 h
378 3802 412 3853 b
475 3730 756 3853 ΒᾸΘἜὲῗ
803 3745 864 3851 ἳῗ
905 3729 1016 3851 ‘2¹3⁶'
1040 3729 1204 3852 53³3.
1254 3747 1356 3853 ⁰¹¹3
1402 3735 1496 3852 ‘2⁴33’
1536 3729 1631 3852 {gd
1683 3729 2255 3860 ⁶²⁰⁶Z¹>¹¹d3¹¹52⁰i2¹0¹1¹33

65 3814 488 3924 gaggand-ameg-
526 3871 649 3922 incl.
679 3841 690 3852 ο
764 3842 775 3864 ’
817 3836 882 3936 ‘5’)
923 3841 1009 3921 Sic
1048 3887 1109 3922 ex
1145 3817 1520 3938 codP'La'tgoni.
1554 3839 1797 3934 Ernesti,
1838 3870 2024 3934 Halm3
2061 3869 2155 3921 alii
2193 3884 2255 3919 ex

136 3958 224 4000 Cic.
255 3957 394 3998 Oratt.
427 3957 533 3998 Sell.
1827 3947 1908 4002 20
