2669 4354
2654 81 2656 162 1

422 228 544 284 232
1420 244 1640 284 onA⁷1=1o
2655 291 2656 326 1

739 369 742 371 ’
2655 357 2656 392 l

304 411 396 477 28
593 417 672 474 At
717 416 894 474 etiam
940 432 1010 473 eo
1056 417 1288 487 negotio
1340 415 1423 473 M.
1471 415 1705 473 Catonis
1759 416 2125 489 splendorem
2185 417 2458 474 maculare
2511 431 2588 471 vo·
2655 407 2656 478 J

317 505 399 563 60
417 505 676 578 luerunt,
726 503 950 578 ignari,
1010 502 1149 576 quid
1195 504 1477 577 gravitas,
1538 504 1676 576 quid
1719 505 2056 579 integritaS,
2119 506 2257 577 quid
2301 503 2590 582 magnitudo
2655 579 2656 584 η

418 591 631 667 animi,
679 592 817 664 quid
859 591 1110 663 denique
1157 592 1340 648 virtus
1384 591 1634 665 valeret,
1691 610 1840 665 quae
1884 594 1945 650 in
1990 599 2338 666 tempestate
2361 587 2410 671 1)
2451 606 2593 649 saeva

419 681 617 752 quieta
663 684 752 737 est
794 684 853 736 et
893 679 1053 737 lucet
1082 680 1143 736 in
1186 680 1446 737 tenebris
1495 685 1556 737 et
1598 681 1764 752 pulsa
1809 681 1935 740 loco
1979 687 2180 739 manet
2218 686 2408 738 tamen
2450 685 2589 751 atque

416 769 626 826 haeret
650 760 703 846 ²)
763 768 825 824 in
869 767 1061 839 patria
1105 767 1484 840 splendetque
1544 785 1653 841 per
1698 785 1827 826 sese
1889 785 2118 841 semper
2177 784 2362 841 neque
2422 767 2591 825 alienis

415 871 681 928 umquam
747 855 1009 913 sordibus
1069 853 1394 915 obsolescit.
1497 856 1631 913 Non
1690 856 1777 913 illi
1834 856 2155 914 ornandum
2211 858 2294 915 M.
2341 855 2592 926 Catonem,

416 944 518 1001 sed
559 943 966 1016 relegandum,
1024 958 1137 999 nec
1181 942 1266 999 illi
1313 942 1782 1001 committendum
1819 944 1960 1002 illud
2005 946 2332 1018 negotium,
2381 944 2478 1002 sed
2513 944 2593 999 im-

416 1031 749 1105 ponendum
792 1035 1165 1104 putaverunt,
1225 1031 1322 1102 qui
1382 1030 1445 1088 in
1507 1032 1772 1089 contione
1820 1033 2012 1105 palam
2074 1032 2328 1092 dixerint
2379 1032 2594 1103 linguam

417 1135 482 1176 se
561 1119 825 1177 evellisse
898 1119 979 1175 M.
1043 1117 1282 1192 Catoni,
1370 1135 1520 1191 quae
1589 1135 1817 1193 semper
1879 1126 2081 1178 contra
2146 1119 2596 1179 extraordinarias
2655 1113 2656 1116 ’

416 1212 736 1280 potestates
810 1205 998 1263 libera
1053 1204 1276 1264 fuisset.
1400 1205 1698 1282 Sentient,
1767 1214 1832 1266 ut
1884 1225 2081 1281 sper0,
2154 1210 2317 1267 brevi
2374 1214 2597 1280 tempore

418 1310 655 1353 manere
699 1293 1028 1351 libertatem
1071 1294 1231 1351 illam
1273 1299 1447 1367 atque
1490 1294 1599 1353 hoc
1645 1296 1851 1370 etiam,
1909 1298 1957 1353 si
2002 1295 2132 1354 fieri
2169 1298 2454 1370 potuerit,
2496 1311 2596 1353 esse

416 1384 725 1453 maiorem,
795 1382 946 1453 quod
999 1399 1125 1439 cum
1184 1383 1512 1440 consulibus
1570 1384 1683 1442 illis
1735 1384 1815 1444 M.
1864 1383 2036 1459 Cato,
2106 1385 2283 1443 etiam
2338 1403 2462 1442 cum
2508 1384 2596 1439 iam

418 1470 787 1542 desperasset
847 1468 1064 1541 aliquid
1124 1471 1471 1528 auctoritate
1531 1488 1635 1528 sua
1701 1469 1902 1544 profici
1967 1489 2165 1546 posse,
2230 1481 2427 1531 tamen
2486 1487 2596 1529 voce

416 1559 543 1631 ipsa
603 1575 671 1615 ac
723 1558 922 1615 dolore
984 1559 1262 1630 pugnavit
1322 1565 1383 1616 et
1439 1565 1570 1631 post
1627 1576 1817 1617 meum
1876 1560 2193 1618 discessum
2245 1562 2320 1619 iis
2364 1562 2596 1619 Pisonem

417 1646 609 1704 verbis
651 1646 794 1703 flens
848 1662 1039 1702 meum
1087 1650 1148 1702 et
1206 1647 1296 1703 rei
1341 1645 1607 1719 publicae
1655 1663 1850 1705 casum
1889 1650 2144 1721 vexavit,
2200 1655 2265 1706 ut
2320 1650 2477 1708 illum
2521 1647 2597 1703 ho-

417 1736 630 1791 minem
674 1733 1126 1806 perditissimum
1179 1739 1355 1806 atque
1397 1735 1955 1807 impudentissimum
2010 1753 2201 1809 paene
2247 1738 2369 1795 iam
2412 1736 2600 1809 provin·

315 1830 391 1885 61
418 1823 542 1880 ciae
589 1822 934 1894 paeniteret.
1026 1820 1174 1878 ‘Gur
1218 1822 1396 1895 igitur
1441 1822 1727 1895 rogationi
1783 1820 2049 1896 paruitP'
2117 1856 2205 1865 -—·
2281 1826 2459 1897 Quasi
2491 1838 2597 1880 vero

414 1910 516 1967 ille
579 1926 690 1967 non
748 1910 807 1967 in
871 1909 1015 1966 alias
1072 1925 1295 1981 quoque
1356 1911 1549 1981 leges,
1617 1924 1759 1984 quas
1813 1913 2028 1971 iniuste
2090 1918 2327 1984 rogatas
2384 1916 2599 1987 putaret,

414 1999 530 2055 iam
577 2002 711 2055 ante
770 1997 1006 2054 iurarit!
1123 1997 1253 2056 Non
1316 1997 1487 2055 offert
1548 2014 1611 2055 se
1671 2000 1770 2056 ille
1832 2001 1959 2058 istis
2020 2002 2474 2075 temeritatibus»,
2539 2003 2599 2068 ut,

416 2102 544 2143 cum
602 2086 690 2143 rei
750 2085 1014 2157 publicae
1075 2085 1218 2142 nihil
1284 2088 1503 2161 prosit,
1578 2103 1640 2144 se
1708 2087 1818 2144 civi
1885 2106 2010 2147 rem
2070 2089 2365 2161 publicam
2431 2091 2598 2163 privet.

416 2172 665 2231 Consule
725 2190 818 2231 me
880 2191 1008 2231 cum
1069 2179 1225 2232 esset
1288 2173 1624 2247 designatus
1678 2176 1944 2235 tribunus
2005 2176 2221 2252 plebiS,
2310 2180 2513 2238 obtulit
2554 2175 2598 2231 in

414 2261 725 2319 discrimen
785 2262 961 2319 vitam
1031 2277 1220 2320 suam:
1294 2261 1439 2320 dixit
1500 2280 1625 2321 eam
1686 2266 2065 2340 sententiam,
2139 2267 2306 2324 cuius
2363 2265 2600 2326 invidiam

415 2349 620 2421 capitis
660 2351 918 2421 periculo
965 2350 1073 2408 sibi
1116 2351 1525 2422 praestandam
1570 2351 1829 2410 videbat:
1878 2354 2024 2411 dixit
2062 2355 2469 2429 vehementer,
2511 2352 2602 2425 egit

415 2437 660 2510 acriter,
739 2454 838 2510 ea,
917 2453 1064 2509 quae
1127 2438 1343 2511 sensit,
1411 2455 1554 2511 prae
1614 2456 1677 2498 se
1729 2441 1893 2498 tulit:
1963 2441 2103 2516 dux,
2166 2449 2402 2515 auctor,
2476 2446 2603 2500 actor

413 2542 608 2583 rerum
653 2525 883 2582 illarum
928 2524 1066 2597 fuit3
1133 2542 1246 2584 non
1302 2543 1415 2599 quo
1473 2529 1795 2600 periculum
1851 2546 2015 2587 suum
2061 2547 2176 2588 non
2216 2532 2474 2605 videret,
2526 2525 2602 2586 sed

413 2614 474 2670 in
522 2617 686 2670 tanta
732 2614 822 2672 rei
865 2612 1131 2685 publicae
1178 2620 1527 2687 tempestate
1570 2616 1715 2673 nihil
1761 2618 1869 2675 sibi
1915 2619 2028 2675 nisi
2078 2618 2149 2675 de
2196 2622 2431 2690 patriae
2479 2615 2600 2692 peri·

415 2702 557 2758 culis
604 2700 971 2774 cogitandum
1013 2702 1271 2773 putabat.
2040 2694 2050 2700 ”

305 2792 395 2860 29
591 2788 947 2847 Consecutus
991 2795 1078 2846 est
1120 2788 1298 2861 ipsius
1323 2784 1377 2866 3)
1424 2791 1769 2849 tribunatus.
1878 2793 2028 2863 Quid
2072 2810 2179 2866 ego
2227 2794 2304 2852 de
2360 2790 2605 2868 singulari

312 2890 391 2946 62
412 2877 811 2948 magnitudine
858 2878 1035 2934 animi
1083 2879 1207 2935 eius
1254 2894 1322 2934 ac
1366 2877 1439 2935 de
1476 2878 1807 2938 incredibili
1846 2882 2060 2939 virtute
2103 2881 2338 2941 dicam?
2430 2880 2608 2941 Memi-

411 2965 579 3022 nistis
623 2966 787 3022 illum
832 2964 1014 3039 diem,
1061 2982 1189 3022 cum
1234 2967 1447 3037 templo
1493 2983 1529 3024 a
1561 2968 1803 3042 conlega
1834 2975 2110 3041 occupato
2155 2971 2326 3030 nobis
2375 2970 2605 3031 omnihus

411 3053 483 3111 de
529 3054 651 3110 vita
706 3054 829 3111 eius
848 3046 902 3131 ⁴)
970 3053 1077 3110 viri
1139 3059 1198 3110 et
1257 3054 1396 3110 civis
1456 3055 1824 3130 timentibuS,
1889 3057 2013 3129 ipse
2061 3060 2252 3118 animo
2313 3057 2606 3118 firmissimo
2655 3112 2656 3117 ,

409 3142 570 3199 venit
627 3142 688 3198 in
734 3142 1006 3213 templum
1054 3146 1114 3198 et
1160 3142 1471 3200 clamorem
1526 3143 1820 3201 hominum
1864 3145 2254 3217 improborum
2275 3143 2329 3225 5)
2387 3142 2604 3207 auctori·

408 3235 556 3302 tate,
618 3230 895 3302 impetum
938 3230 1150 3306 virtute
1202 3229 1442 3288 sedavit.
1547 3231 1712 3288 Adiit
1771 3238 1891 3290 tum
1936 3235 2291 3310 periculum,
2341 3237 2445 3295 sed
2488 3233 2606 3292 adiit

409 3317 482 3374 ob
527 3332 655 3373 eam
719 3333 978 3391 causam,
1039 3333 1185 3390 quae
1246 3324 1463 3390 quanta
1521 3317 1699 3376 fuerit
1757 3321 1874 3378 iam
1934 3323 2073 3379 mihi
2128 3323 2328 3383 dicere
2387 3341 2496 3382 non
2537 3325 2606 3378 est

408 3421 668 3465 necesse.
759 3405 838 3462 At
897 3406 944 3462 si
1008 3406 1106 3462 isti
1154 3404 1403 3479 Cypriae
1463 3408 1754 3479 rogationi
1813 3410 2298 3471 sceleratissimae
2361 3430 2476 3471 non
2524 3425 2608 3483 pa·

551 3638 603 3703 1)
660 3642 710 3688 et
755 3637 817 3688 in
863 3645 1016 3706 temp.
1063 3638 1228 3691 Halm
1280 3641 1465 3691 contra
1509 3639 1655 3692 codd.
1906 3642 1961 3708 2)
2008 3644 2137 3696 exul
2184 3643 2368 3698 haeret
2406 3645 2603 3699 Dobrea
2655 3662 2656 3665 ’

408 3706 696 3760 Eberhard.
841 3709 894 3775 3)
932 3708 1046 3775 ipse
1077 3708 1192 3760 eius
1226 3710 1388 3774 Paul,
1426 3708 1720 3765 Eberhard.
1862 3714 1917 3781 4)
1957 3713 2020 3766 In
2059 3714 2172 3768 cod.
2210 3716 2332 3769 Par.
2373 3733 2404 3768 a
2439 3731 2511 3782 pr.
2546 3727 2601 3762 11¹-
2655 3712 2656 3761 l

407 3778 625 3830 litterae
661 3777 710 3830 ei
746 3777 942 3831 desunt
955 3800 968 3841 ;
1005 3780 1195 3844 Halm,
1236 3780 1515 3833 Eberhard
1555 3797 1652 3833 scr.
1692 3781 1837 3836 talis.
2017 3785 2072 3852 5)
2112 3785 2202 3838 Sic
2238 3786 2307 3839 H.
2345 3789 2408 3839 A.
2450 3781 2603 3837 Koch:

408 3849 572 3914 vulgo
610 3848 890 3902 hominum
929 3849 1278 3913 auctoritate,
1332 3850 1591 3916 impetum
1626 3851 2012 3918 improborum.
