2669 4354
746 272 828 312 m:
873 272 1128 314 nummo
1172 271 1264 313 on.
1309 272 1551 312 Pomm.
2177 257 2258 315 47

68 448 170 501 tum
212 443 283 502 de
325 445 678 518 imperatore
723 444 1037 518 deligendo
1085 461 1214 505 esse
1261 445 1585 503 dicendum.
1664 444 1862 503 Genus
1908 450 1999 503 est
2023 439 2075 525 1)
2119 444 2261 504 belli
2333 480 2338 489 ‚

67 532 173 590 eius
221 532 395 607 modi,
463 534 613 606 quod
667 534 915 592 maxime
971 538 1195 594 vestros
1237 535 1457 592 animos
1514 533 1772 592 excitare
1819 539 1992 606 atque
2039 533 2263 592 inflam-

66 635 203 678 mare
251 620 324 678 ad
361 620 751 694 persequendi
798 621 1048 680 studium
1095 621 1341 680 debeat:
1401 623 1465 680 in
1509 639 1622 694 quo
1669 623 1860 694 agitur
1904 623 2103 696 populi
2141 621 2260 680 Ro-

65 710 198 765 mani
263 709 471 783 gloria,
539 726 690 782 quae
750 708 910 768 vobis
968 726 1004 768 a
1062 709 1378 768 maioribus
1443 726 1571 768 cum
1624 725 1833 781 magna
1890 710 1953 766 in
1997 710 2262 769 omnibus

65 796 237 869 rebuS,
283 802 404 855 tum
450 813 670 855 summa
714 797 776 855 in
820 813 886 855 re
931 798 1169 855 militari
1215 796 1433 855 tradita
1480 804 1599 871 est,
1645 798 1838 871 agitur
1881 799 2033 856 salus
2079 799 2261 856 socio-

64 900 171 941 rum
228 889 397 957 atque
456 886 803 959 amicorum,
861 901 968 958 pro
1027 901 1140 958 qua
1200 886 1382 944 multa
1425 886 1675 944 maiores
1718 886 1899 944 vestri
1945 901 2156 958 magna
2202 891 2264 944 et

64 972 241 1042 gravia
283 973 438 1031 bella
483 978 819 1047 gesserunt3
881 979 1132 1045 aguntur
1192 973 1514 1032 certissima
1556 974 1753 1046 populi
1796 973 2040 1032 Romani
2080 974 2261 1032 vecti-

65 1060 198 1132 galia
249 1066 309 1119 et
346 1063 621 1134 maxima,
682 1062 885 1134 quibus
945 1062 1171 1120 amissis
1216 1066 1277 1119 et
1313 1062 1473 1134 pacis
1518 1065 1862 1119 ornamenta
1900 1066 1963 1119 et
2006 1060 2262 1120 subsidia

63 1148 184 1205 belli
238 1149 583 1223 requiretis3
641 1154 891 1222 aguntur
950 1149 1103 1208 bona
1165 1150 1474 1207 multorum
1536 1149 1744 1208 civium
1761 1192 1777 1221 ,
1837 1149 2044 1221 quibus
2092 1155 2182 1207 est
2226 1164 2263 1206 a

63 1235 203 1293 vobis
261 1243 323 1295 et
377 1237 637 1310 ipsorum
697 1243 758 1296 et
817 1237 905 1294 rei
942 1237 1210 1310 publicae
1259 1253 1434 1297 causa
1481 1236 1911 1295 consulendum.
2001 1236 2081 1295 Et
2125 1253 2262 1310 quo-
2280 1226 2324 1293 3

63 1323 198 1381 niam
259 1340 493 1397 semper
558 1330 903 1398 appetentes
972 1326 1190 1399 gloriae
1245 1331 1486 1399 praeter
1546 1330 1773 1383 ceteras
1836 1329 2038 1397 gentes
2087 1329 2262 1397 atque
2282 1322 2316 1378 7

64 1411 197 1475 avidi
239 1411 430 1470 laudis
477 1412 667 1471 fuistis
685 1458 700 1486 ,
760 1413 1010 1471 delenda
1049 1419 1139 1472 est
1182 1413 1344 1471 vobis
1382 1414 1483 1471 illa
1528 1414 1753 1471 macula
1791 1412 2186 1471 Mithridatico
2211 1407 2263 1491 ²)

64 1497 198 1557 bello
256 1501 557 1573 superiore
628 1505 933 1575 concepta,
1005 1517 1155 1573 quae
1217 1501 1451 1575 penitus
1518 1502 1634 1558 iam
1693 1499 1907 1559 insedit
1965 1516 2033 1558 ac
2095 1502 2265 1559 nimis

63 1587 390 1649 inveteravit
435 1589 498 1646 in
540 1589 742 1662 populi
769 1588 1017 1647 Romani
1062 1589 1295 1648 nomine
1313 1634 1328 1663 ,
1376 1589 1531 1661 quod
1576 1589 1624 1645 is
1640 1633 1655 1661 ,
1699 1590 1796 1661 qui
1839 1603 1953 1645 uno
1999 1588 2094 1647 die
2140 1593 2267 1647 tota

63 1675 115 1731 in
153 1675 288 1734 Asia
311 1669 394 1756 3),
441 1682 528 1734 tot
570 1677 633 1734 in
681 1677 1008 1736 civitatibus
1028 1722 1044 1751 ,
1088 1693 1202 1735 uno
1248 1678 1452 1736 nuntio
1489 1682 1663 1749 atque
1698 1692 1816 1734 una
1846 1673 2264 1748 significatione

64 1762 369 1822 litterarum
391 1758 446 1844 4)
513 1765 668 1824 cives
716 1765 1003 1823 Romanos
1058 1764 1351 1823 necandos
1415 1763 1900 1835 trucidandosque
1948 1763 2265 1836 denotavit,

66 1867 166 1908 non
218 1851 388 1910 modo
452 1851 642 1910 adhuc
701 1869 949 1925 poenam
1005 1853 1224 1910 nullam
1272 1869 1374 1911 suo
1429 1852 1665 1926 dignam
1725 1852 1947 1909 scelere
1994 1852 2265 1926 suscepit,

67 1937 152 1995 sed
213 1940 286 1998 ab
349 1941 451 1998 illo
513 1947 775 2015 tempore
834 1957 1049 1999 annum
1101 1941 1219 1997 iam
1273 1942 1513 1999 tertium
1558 1944 1620 1998 et
1659 1940 1994 1998 vicesimum
2039 1943 2266 2012 regnat,

68 2032 118 2083 et
145 2027 221 2085 ita
257 2034 505 2102 regnat,
553 2034 618 2086 ut
654 2045 718 2087 se
758 2045 874 2087 non
911 2028 1082 2087 Ponti
1128 2044 1314 2101 neque
1350 2028 1752 2103 Cappadociae
1796 2027 2039 2086 latebris
2070 2029 2263 2085 occul-

63 2118 172 2172 tare
206 2117 355 2175 velit
373 2161 389 2191 ,
435 2115 541 2175 sed
587 2133 890 2191 emergere
941 2133 1011 2175 ex
1055 2118 1241 2189 patrio
1286 2133 1469 2190 regno
1516 2122 1686 2190 atque
1733 2117 1796 2173 in
1837 2116 2047 2174 vestris
2082 2106 2264 2174 vecti-

68 2203 300 2278 galibus,
346 2205 461 2263 hoc
506 2212 597 2265 est
641 2206 702 2263 in
730 2204 908 2263 Asiae
953 2205 1082 2262 luce
1127 2207 1367 2264 versari.
1451 2205 1686 2264 Etenim
1732 2204 1920 2263 adhuc
1964 2206 2049 2263 ita
2079 2198 2315 2263 nostri&

69 2306 175 2349 eum
233 2293 336 2351 illo
409 2310 551 2367 rege
624 2293 1046 2352 contenderunt
1105 2294 1518 2367 imperatores,
1597 2298 1663 2351 ut
1722 2293 1795 2351 ab
1854 2291 1956 2349 illo
2014 2293 2267 2365 insignia

65 2379 318 2439 victoriae
336 2425 352 2454 ,
429 2397 547 2440 non
616 2382 915 2440 victoriam
979 2385 1366 2454 reportarent.
1487 2380 1888 2452 Triumphavit
1956 2379 2021 2437 L.
2088 2379 2267 2454 Sulla,

66 2467 421 2543 triumphavit
484 2469 551 2528 L.
612 2470 863 2527 Murena
928 2469 1002 2528 de
1058 2468 1431 2543 Mithridate,
1496 2468 1607 2527 duo
1673 2467 1971 2526 fortissimi
2039 2468 2148 2526 viri
2209 2472 2270 2527 et

65 2558 245 2614 summi
275 2557 690 2631 imperatores,
737 2557 841 2615 sed
877 2557 963 2616 ita
991 2557 1448 2630 triumpharunt,
1482 2561 1544 2614 ut
1575 2553 1675 2614 ille
1706 2556 1902 2628 pulsus
1937 2561 2271 2628 superatus-

63 2659 157 2714 que
214 2651 512 2719 regnaret.
602 2646 822 2704 Verum
886 2649 1086 2703 tamen
1154 2645 1270 2703 illis
1332 2644 1779 2717 imperatoribus
1840 2643 1966 2701 laus
2024 2648 2116 2701 est
2167 2644 2273 2701 tri-

64 2731 306 2806 buenda,
354 2733 508 2806 quod
549 2738 824 2806 egerunt,
873 2734 1043 2792 venia
1074 2732 1297 2808 danda,
1346 2732 1497 2805 quod
1527 2732 1913 2803 reliquerunt,
1956 2736 2271 2805 propterea

65 2820 196 2891 quod
240 2821 314 2879 ab
364 2836 437 2881 eo
480 2822 637 2881 bello
677 2820 894 2880 Sullam
930 2822 991 2878 in
1037 2821 1266 2879 Italiam
1311 2837 1407 2879 res
1451 2820 1710 2894 publica,
1756 2818 2064 2876 Murenam
2109 2817 2271 2878 Sulla

64 2910 355 2968 revocavit.

218 2996 597 3055 Mithridates
659 3000 852 3054 autem
912 3012 1080 3054 omne
1134 2996 1419 3069 reliquum
1479 3001 1708 3069 tempus
1753 3010 1867 3052 non
1918 2994 1993 3052 ad
2037 2993 2274 3052 oblivio·
2292 2983 2338 3047 4

65 3099 183 3141 uem
210 3085 434 3143 veteris
465 3084 636 3157 belli,
684 3083 788 3142 sed
818 3083 892 3142 ad
921 3085 1412 3157 comparationem
1443 3087 1574 3142 novi
1608 3082 1879 3154 contulit3
1925 3082 2024 3154 qui
2052 3086 2275 3156 postea,
2295 3078 2333 3134 9

67 3186 178 3229 cum
203 3166 257 3253 ⁵)
336 3173 617 3230 maximas
694 3169 1060 3231 aedificasset
1141 3177 1517 3245 ornassetque
1591 3173 1805 3230 classes
1872 3169 2274 3242 exercitusque

66 3276 429 3335 permagnoS,
499 3258 950 3333 quibuscumque
1009 3277 1080 3319 ex
1126 3260 1391 3334 gentibus
1435 3261 1718 3333 potuisset
1740 3251 1794 3337 6)
1811 3303 1826 3332 ,
1890 3262 2281 3331 comparasset

68 3351 119 3403 et
145 3364 207 3406 se
239 3348 619 3423 Bosporanis,
665 3347 923 3406 finitimis
959 3348 1097 3422 suis,
1141 3348 1359 3406 bellum
1390 3347 1611 3407 inferre
1645 3347 1974 3421 simularet,
2005 3363 2186 3418 usque
2218 3346 2279 3403 in

231 3599 287 3664 1)
328 3597 472 3651 enim
507 3596 622 3651 cod.
660 3597 770 3651 Erf.
809 3599 865 3651 et
903 3596 996 3651 alii
1035 3595 1283 3650 nonnulli
1319 3595 1543 3650 addunt.
1726 3595 1778 3664 2)
1806 3612 1925 3650 une.
1959 3595 2087 3649 incl.
2116 3594 2281 3658 Bake,

68 3664 280 3735 Kayser.
425 3669 478 3735 3)
517 3671 633 3720 tota
658 3667 800 3720 Asia
837 3666 989 3722 codd.
1015 3667 1275 3735 plerique.
1418 3667 1472 3734 4)
1512 3683 1615 3720 om.
1662 3683 1706 3721 c.
1733 3666 1881 3721 codd.
1907 3666 2023 3720 Col.
2050 3668 2106 3719 et
2127 3664 2282 3719 Fuld.

69 3736 356 3801 Eberhard,
413 3738 508 3806 qui
571 3738 721 3792 addit
763 3737 1214 3803 innumerabile&
1276 3754 1395 3790 unc.
1445 3737 1569 3791 incl.
1618 3739 1841 3806 Kayser.
1891 3786 1908 3796 ,
2091 3737 2146 3802 5)
2194 3735 2283 3789 Sic

70 3805 318 3863 Benecke.
357 3807 512 3863 codd.
540 3812 734 3875 postea
770 3824 950 3876 quam.
1024 3808 1210 3861 Baiter
1248 3807 1480 3876 [postea]
1520 3823 1658 3863 cum.
1872 3808 1926 3874 6)
1976 3805 2066 3858 Sic
2103 3803 2282 3869 codd.;

72 3877 377 3934 Fleckeisen
409 3881 616 3946 posset:
676 3878 952 3933 Eberhard
978 3878 1178 3946 potuit.
2159 3878 2169 3891 ⁴
