2669 4354
883 259 1065 297 LIBER
1110 214 1395 306 dvAmvs.
2122 244 2244 299 345

1664 325 1829 332 —fi-r—
1848 328 1857 331 -
1878 328 1931 331 ,μ
1948 328 2240 333 --1-.-.-...-.

71 442 276 499 graveS,
341 443 457 483 non
499 427 784 485 dubitavit
839 427 1100 500 auferre,
1156 444 1402 499 quarum
1446 428 1557 485 iste
1594 445 1711 485 non
1763 445 1940 501 opere
1996 429 2248 487 delecta-

69 512 235 588 batur,
290 514 391 571 sed
429 515 705 586 pondere.
806 517 1013 587 Itaque
1058 516 1182 572 eius
1239 516 1395 573 modi
1439 518 1634 573 valvas
1679 516 1943 590 reliquit,
1994 522 2058 573 ut
2096 533 2246 589 quae

68 601 174 658 olim
234 602 308 659 ad
366 602 688 660 ornandum
751 605 1033 675 templum
1099 607 1265 660 erant
1329 604 1576 661 maxime
1591 648 1607 677 ,
1668 620 1822 660 nunc
1887 608 2114 661 tantum
2174 604 2249 662 ad

68 690 422 747 claudendum
445 684 495 767 1)
539 689 732 748 factae
779 706 906 748 esse
953 690 1277 748 videantur.
1369 691 1638 748 Etiamne
1683 692 2007 764 gramineas
2052 693 2249 749 hastas
2270 696 2393 754 125

68 810 128 818 —-
166 778 284 835 vidi
331 778 485 836 enim
530 794 628 834 vos
681 779 744 834 in
802 779 911 835 hoc
966 779 1232 850 nomine,
1295 794 1427 835 cum
1487 778 1652 835 testis
1711 778 1934 836 diceret
1958 772 2037 859 2),
2098 797 2250 837 com-

69 866 252 922 moveri
281 896 366 906 —
397 862 572 941 [quod
617 870 783 922 erant
829 867 957 923 eius
997 866 1178 938 modi,
1223 869 1291 921 ut
1334 867 1516 922 semel
1562 866 1779 924 vidisse
1812 866 1952 924 satis
1989 864 2166 943 esset]
2178 863 2248 947 ³),

69 955 110 1009 in
144 953 354 1025 quibus
394 970 584 1025 neque
629 970 808 1010 manu
848 952 1068 1010 factum
1113 953 1423 1024 quicquam
1468 969 1660 1025 neque
1706 954 2072 1025 pulchritudo
2120 961 2248 1013 erat

70 1042 194 1114 ulla,
259 1041 363 1098 sed
423 1045 650 1097 tantum
711 1040 1049 1112 magnitudo
1111 1040 1498 1114 incredibilis,
1566 1041 1639 1099 de
1706 1057 1823 1112 qua
1884 1044 1977 1099 vel
2044 1042 2248 1100 audire

69 1129 179 1186 satis
226 1132 413 1201 esset,
472 1129 717 1186 nimium
771 1129 971 1186 videre
1025 1130 1157 1201 plus
1214 1145 1389 1200 quam
1445 1128 1657 1186 semel:
1719 1129 1894 1187 etiam
1913 1124 1969 1209 ⁴)
2015 1129 2074 1186 id
2119 1147 2252 1188 con-

70 1216 270 1289 cupisti.

213 1303 362 1361 Nam
392 1301 647 1377 Sappho,
687 1318 836 1374 quae
883 1304 1112 1360 sublata
1155 1303 1227 1360 de
1274 1304 1540 1375 prytanio
1582 1309 1704 1377 est,
1747 1304 1848 1361 dat
1889 1305 1996 1362 tibi
2039 1306 2252 1362 iustam
2269 1303 2352 1369 57

68 1391 500 1463 excusationem,
555 1408 735 1463 prope
789 1396 857 1447 ut
908 1390 1341 1448 concedendum
1401 1395 1577 1462 atque
1646 1392 2061 1463 ignoscendum
2123 1408 2251 1450 esse

68 1480 326 1538 videatur.
441 1478 751 1536 Silanionis
810 1494 956 1550 opus
1016 1483 1134 1534 tam
1192 1476 1517 1550 perfectum
1536 1523 1553 1552 ,
1619 1484 1737 1536 tam
1794 1480 2031 1552 elegans
2051 1524 2066 1552 ,
2133 1486 2252 1538 tam
2276 1486 2396 1542 126

70 1567 402 1625 elaboratum
457 1566 754 1637 quisquam
816 1582 933 1622 non
1001 1566 1165 1623 modo
1233 1567 1518 1638 privatuS,
1588 1566 1689 1623 sed
1751 1568 1998 1638 populus
2060 1569 2253 1640 potius

69 1654 285 1712 haberet
329 1668 499 1726 quam
546 1654 712 1711 homo
759 1653 1217 1725 elegantissimus
1263 1659 1438 1724 atque
1486 1652 1934 1726 eruditissimuS,
1998 1654 2253 1713 Verres?

69 1740 323 1799 Nimirum
368 1747 570 1799 contra
613 1741 728 1798 dici
773 1739 918 1797 nihil
963 1745 1170 1813 potest.
1261 1740 1534 1797 Nostrum
1592 1742 1745 1799 enim
1798 1754 1947 1799 unus
1992 1743 2252 1815 quisque,

70 1830 145 1899 qui
181 1836 299 1888 tam
344 1829 531 1902 beati,
593 1845 763 1900 quam
821 1828 933 1885 iste
997 1834 1118 1901 est,
1184 1845 1299 1885 non
1358 1845 1579 1900 sumus,
1644 1834 1763 1886 tam
1823 1829 2061 1886 delicati
2124 1846 2251 1887 esse

69 1933 162 1974 non
202 1933 529 1989 possumne,
592 1917 640 1973 si
683 1916 912 1987 quando
964 1913 1180 1988 aliquid
1232 1916 1398 1972 istius
1460 1915 1613 1973 modi
1662 1915 1862 1973 videre
1908 1917 2092 1989 volet,
2157 1922 2255 1973 eat

70 2005 127 2061 ad
190 2005 396 2063 aedem
465 2004 821 2077 Felicitatis,
896 2002 971 2060 ad
1043 2008 1473 2060 monumentum
1545 2002 1764 2076 Catuli,
1835 2005 1897 2060 in
1969 2003 2254 2075 porticum

70 2091 304 2167 Metelli,
370 2092 472 2149 det
522 2108 785 2164 operam,
848 2096 912 2148 ut
958 2089 1295 2148 admittatur
1349 2092 1411 2147 in
1467 2091 1707 2147 alicuius
1751 2091 1993 2147 istorum
2039 2092 2253 2148 Tuscu-

71 2179 270 2254 lanum,
329 2186 556 2253 spectet
612 2179 800 2238 forum
863 2184 1158 2252 ornatum,
1217 2181 1266 2236 si
1320 2179 1456 2251 quid
1505 2181 1615 2237 iste
1675 2195 1906 2236 suorum
1967 2179 2253 2237 aedilibus

72 2268 449 2327 commodarit:
513 2269 730 2326 Verres
790 2268 935 2324 haec
997 2267 1212 2323 habeat
1278 2267 1460 2338 domi,
1544 2268 1758 2325 Verres
1827 2268 2178 2325 ornamentis
2201 2261 2252 2347 5)

71 2355 311 2413 fanorum
369 2360 543 2428 atque
590 2354 930 2429 oppidorum
985 2353 1200 2412 habeat
1254 2356 1487 2428 plenam
1534 2355 1760 2412 domum
1778 2399 1794 2428 ,
1858 2356 2024 2412 villas
2067 2353 2251 2412 refer-

69 2448 152 2500 tas.
240 2444 516 2501 Etiamne
566 2444 733 2500 huius
791 2442 1043 2514 operarii
1099 2442 1291 2499 studia
1351 2458 1431 2500 ac·
1476 2441 1745 2515 deliciaS,
1812 2442 2061 2510 iudiceS,
2122 2459 2253 2515 per-

68 2527 284 2589 feretis?
341 2532 438 2604 qui
485 2531 568 2587 ita
612 2537 811 2603 natuS,
868 2530 952 2586 ita
997 2529 1274 2587 educatus
1320 2535 1441 2601 est,
1487 2530 1572 2587 ita
1617 2529 1805 2587 factus
1854 2536 1914 2587 et
1957 2532 2149 2588 animo
2195 2537 2256 2588 et

69 2633 310 2692 corpore,
389 2625 454 2677 ut
514 2619 692 2675 multo
755 2616 1071 2690 adpositior
1140 2616 1214 2673 ad
1275 2616 1517 2675 ferenda
1575 2634 1742 2688 quam
1799 2617 1874 2674 ad
1933 2617 2254 2676 auferenda

67 2705 206 2778 signa
251 2724 381 2766 esse
427 2706 709 2764 videatur.
799 2705 987 2777 Atque
1033 2706 1178 2762 haec
1224 2704 1454 2777 Sappho
1511 2705 1738 2762 sublata
1782 2710 2057 2776 quantum
2102 2704 2254 2763 desi·
2277 2711 2397 2768 127

66 2791 265 2852 derium
304 2795 395 2851 sui
439 2793 772 2866 reliquerit,
816 2792 931 2848 dici
976 2793 1069 2849 vix
1101 2797 1309 2865 potest.
1398 2793 1545 2849 Nam
1595 2809 1724 2849 cum
1765 2793 1894 2865 ipsa
1937 2791 2046 2849 fuit
2088 2810 2253 2865 egre-

64 2880 142 2949 gie
194 2881 388 2955 facta,
456 2886 578 2938 tum
637 2881 990 2953 epigramma
1051 2880 1337 2937 Graecum
1390 2880 1691 2952 pernobile
1744 2879 1989 2937 incisum
2050 2886 2138 2939 est
2193 2881 2252 2937 in

64 2965 201 3042 basi,
247 2969 401 3042 quod
441 2969 553 3026 iste
603 2967 858 3026 eruditus
899 2968 1068 3025 homo
1117 2974 1178 3026 et
1223 2965 1577 3039 GraeculuS,
1629 2968 1727 3039 qui
1773 2968 1918 3025 haec
1964 2968 2255 3026 subtiliter

63 3053 286 3130 iudicat,
352 3058 452 3129 qui
494 3057 647 3114 solus
692 3055 1009 3128 intellegit,
1070 3056 1119 3112 si
1176 3069 1350 3112 unam
1405 3055 1660 3112 litteram
1706 3054 1988 3112 Graecam
2034 3056 2254 3128 scisset,

63 3148 201 3201 certe
244 3161 364 3202 una
411 3145 739 3202 sustulisset
759 3137 826 3222 ⁶).
930 3144 1098 3200 Nunc
1143 3144 1296 3201 enim
1341 3142 1491 3214 quod
1532 3144 1802 3215 scriptum
1852 3149 1939 3201 est
1982 3143 2142 3199 inani
2194 3144 2256 3199 in

60 3227 165 3287 basi
208 3232 497 3305 declarat,
541 3231 679 3304 quid
717 3231 928 3303 fuerit,
974 3236 1033 3288 et
1081 3230 1142 3287 id
1185 3231 1441 3288 ablatum
1484 3231 1717 3288 indicat.
1945 3215 1962 3236 '

181 3435 234 3499 1)
285 3425 621 3485 cludendum
659 3447 720 3484 ex
756 3429 869 3485 cod.
909 3431 1039 3499 Reg.
1076 3429 1309 3498 Kayser,
1359 3430 1649 3483 Eberhard.
1841 3430 1894 3496 2)
1935 3431 2022 3483 Sic
2060 3433 2256 3483 recent.

64 3514 116 3549 ex
157 3506 266 3571 opt.
318 3501 496 3564 codd.;
559 3501 721 3568 vulgo
769 3506 923 3554 testes
973 3501 1228 3554 dicerent.
1470 3502 1523 3567 3)
1573 3499 1720 3566 quod
1755 3533 1822 3540 —
1857 3506 1991 3552 esset
2035 3499 2258 3553 delenda

63 3585 166 3622 esse
202 3572 446 3627 ostendit
488 3572 571 3625 W.
608 3573 791 3639 Meyer
827 3571 964 3624 Mus.
1001 3571 1172 3624 Rhen.
1215 3571 1299 3633 23,
1339 3570 1467 3637 698,
1526 3570 1630 3623 del.
1672 3571 1858 3636 Halm,
1904 3587 2021 3623 unc.
2064 3571 2255 3624 incluS.

59 3637 260 3711 Miiller,
298 3642 591 3696 Eberhard.
771 3642 825 3708 4)
867 3641 955 3694 Sic
992 3640 1142 3694 codd.
1182 3645 1320 3709 opt.;
1359 3641 1516 3707 vulgo
1554 3640 1803 3693 etiamne.
1875 3641 2258 3709 Interrogatio-

59 3708 136 3760 nis
169 3711 382 3781 signum
419 3715 540 3780 post
576 3711 876 3778 concupisti
909 3727 1021 3780 pos,
1060 3710 1277 3779 Miiller,
1315 3711 1425 3763 alii.
1655 3712 1709 3774 5)
1749 3711 1837 3763 Sic
1871 3712 2053 3779 vulgo:
2092 3726 2255 3763 orna-

59 3785 282 3833 mentum
317 3783 431 3836 cod.
470 3783 633 3849 Reg.;
682 3786 1124 3834 ornamentorum
1162 3780 1366 3849 Orelli,
1404 3779 1623 3848 Kayser.
1839 3781 1892 3847 6)
1931 3796 2043 3832 non
2077 3787 2255 3833 sustu-

58 3845 196 3903 lisset
231 3853 412 3918 codd.;
449 3870 564 3905 uma
601 3856 734 3905 sust.
772 3851 1045 3916 Herelius,
1082 3852 1245 3904 Halm
1282 3853 1436 3914 cett.;
1477 3850 1620 3904 delet
1659 3867 1769 3902 non
1807 3849 2079 3903 Garatoni.

1778 3920 1907 3985 22*
