2669 4354
714 272 827 313 PRO
873 273 1001 313 snx.
1046 272 1252 313 noscm
1297 273 1592 313 AMERINO.
2177 259 2258 318 33

58 446 194 504 hanc
241 447 294 504 ei
332 463 458 505 rem
503 446 775 520 privatim
820 443 950 504 Sex.
997 444 1235 502 Roscius
1279 443 1698 518 mandavisset,
1744 450 1808 503 ut
1853 464 1981 505 cum
2014 444 2258 519 Chryso-

57 550 188 607 gono
232 535 584 607 transigeret
628 538 803 605 atque
850 533 1152 592 decideret
1195 534 1369 605 inque
1417 549 1545 590 eam
1586 549 1711 592 rem
1747 533 1921 592 fidem
1961 552 2150 611 suam,
2211 539 2260 595 si

57 622 176 693 quid
235 638 377 694 opus
432 639 561 681 esse
616 626 876 694 putaret,
946 622 1368 694 interponeret,
1434 621 1646 693 illeque
1667 615 1717 701 1)
1787 640 1913 682 6666
1975 623 2257 684 facturum

55 710 384 782 recepisset,
430 726 653 782 nonne,
703 710 752 767 si
799 726 878 767 ex
926 725 995 767 eo
1035 709 1270 782 negotio
1315 709 1600 766 tantulum
1643 710 1705 766 in
1749 727 1872 768 rem
1916 730 2078 771 suam
2124 731 2259 772 con-

56 798 336 871 vertisset,
394 797 696 856 damnatus
749 814 856 869 per
909 797 1188 854 arbitrum
1235 801 1295 854 et
1337 813 1462 854 rem
1507 799 1844 857 restitueret
1885 806 1946 859 et
1989 802 2258 861 honesta-

54 891 161 943 tem
211 902 439 944 omnem
500 886 842 944 amitteret?
945 884 1114 942 Nunc
1172 901 1289 941 non
1350 884 1500 941 hanc
1563 885 1618 942 ei
1671 903 1796 944 rem
1839 887 1969 947 Sex.
2017 889 2259 948 Roscius
2280 885 2404 941 115

54 972 356 1047 mandavit,
403 971 535 1046 sed,
584 972 644 1030 id
685 972 837 1045 quod
876 973 1056 1030 multo
1095 972 1328 1043 gravius
1376 977 1492 1045 est,
1539 973 1666 1045 ipse
1697 974 1826 1032 Sex.
1860 975 2097 1035 Roscius
2129 995 2258 1035 cum

54 1060 218 1133 fama,
272 1063 398 1119 vita
454 1061 735 1132 bonisque
785 1060 1048 1117 omnibus
1105 1076 1140 1117 a
1200 1058 1607 1118 decurionibus
1646 1063 1874 1135 publice
1921 1060 2187 1142 [Roscio]
2207 1061 2258 1146 ²)

53 1149 341 1207 mandatus
407 1154 525 1220 est3
583 1154 643 1205 et
703 1164 775 1205 ex
832 1164 901 1206 60
946 1147 1010 1205 T.
1048 1147 1291 1205 Roscius
1338 1164 1453 1205 non
1497 1150 1731 1220 paulum
1774 1153 1971 1209 nescio
2016 1153 2156 1225 quid
2198 1156 2259 1213 in

54 1252 161 1293 rem
218 1253 380 1294 suam
436 1235 750 1309 convertit,
808 1235 912 1294 sed
965 1236 1120 1293 hunc
1176 1233 1431 1292 funditus
1478 1237 1689 1295 evertit
1721 1238 1914 1313 1101116,
1979 1241 2103 1312 ipse
2145 1243 2259 1300 tria

54 1323 278 1396 praedia
323 1325 434 1383 sibi
481 1324 759 1396 depectus
807 1328 921 1395 est,
969 1325 1323 1381 voluntatem
1371 1322 1746 1383 decurionum
1791 1342 1859 1384 ac
1903 1329 2258 1403 municipum

54 1414 288 1469 omnium
330 1411 617 1470 tantidem
675 1412 875 1483 quanti
918 1409 1090 1468 fidem
1136 1427 1297 1468 suam
1340 1409 1495 1469 fecit.

210 1500 424 1558 Videte
470 1500 586 1557 iam
630 1515 802 1571 porro
846 1503 1077 1571 cetera,
1122 1498 1369 1572 iudiceS,
1415 1504 1480 1556 01
1523 1500 1876 1575 intellegatis
1914 1504 2260 1563 maleficium
2277 1498 2371 1563 40

53 1587 253 1645 nullum
311 1587 451 1660 fingi
509 1604 709 1659 posse,
775 1603 885 1658 quo
948 1586 1059 1643 iste
1125 1602 1254 1643 sese
1300 1602 1415 1644 non
1461 1588 1881 1648 contaminarit.
1971 1594 2040 1651 In
2085 1594 2258 1651 rebus
2282 1593 2404 1651 116

53 1675 351 1734 minoribus
407 1677 624 1733 socium
676 1673 883 1733 fallere
942 1674 1333 1745 turpissimum
1389 1680 1479 1732 est
1524 1690 1822 1749 aequeque
1869 1682 2038 1753 turpe
2085 1685 2259 1753 atque

54 1762 206 1836 illud,
247 1763 322 1821 de
368 1780 480 1836 quo
527 1767 664 1820 ante
711 1761 856 1833 dixi3
913 1777 1101 1834 neque
1149 1761 1390 1834 iniuria,
1435 1769 1747 1835 propterea
1792 1766 1944 1837 quod
1984 1769 2260 1826 auxilium

56 1850 151 1907 sibi
195 1868 256 1910 se
303 1856 474 1923 putat
520 1850 880 1922 adiunxisse,
925 1849 1022 1921 qui
1063 1865 1193 1906 cum
1235 1849 1423 1907 altero
1467 1867 1591 1908 rem
1636 1855 2091 1913 communicavit.
2168 1855 2260 1914 Ad

59 1939 200 1995 cuius
256 1940 437 2012 igitur
493 1936 665 1996 fidem
725 1937 1045 2010 confugiet,
1124 1953 1251 1994 cum
1295 1953 1403 2008 per
1440 1937 1563 1996 eius
1605 1937 1778 1998 fidem
1825 1941 2100 2015 laeditur,
2166 1945 2259 2001 cui

58 2041 110 2080 se
173 2027 562 2085 commiserit?
586 2020 638 2101 ⁸)
756 2024 933 2097 Atqui
952 2018 1005 2104 ⁴)
1080 2040 1152 2081 ea
1220 2028 1353 2081 sunt
1428 2026 1941 2087 animadvertenda
1972 2086 1985 2098 ‚
2015 2036 2260 2103 peccata

58 2115 311 2188 maxime,
374 2129 527 2188 quae
590 2110 925 2198 difficillime
986 2116 1424 2184 praecaventur.
1518 2114 1685 2173 Tecti
1744 2132 1871 2174 esse
1919 2117 1991 2175 ad
2038 2118 2260 2177 alienos

58 2218 364 2276 possumus3
435 2202 626 2260 intimi
690 2202 872 2258 multa
938 2202 1231 2273 apertiora
1289 2199 1526 2259 videant
1579 2220 1820 2262 necesse
1869 2211 1984 2263 est:
2042 2208 2259 2266 socium

60 2304 243 2350 cavere
290 2292 387 2364 qui
433 2292 772 2363 possumus?
848 2306 1018 2360 quem
1067 2289 1243 2346 etiam
1289 2288 1338 2345 si
1369 2291 1702 2365 metuimus,
1749 2293 1838 2351 ius
1872 2292 2045 2352 officii
2076 2295 2258 2353 laedi-

58 2393 180 2437 mus,
269 2379 457 2437 Recte
507 2378 685 2450 igitur
729 2377 979 2434 maiores
1023 2393 1179 2450 eum,
1226 2375 1323 2449 qui
1370 2377 1588 2435 socium
1634 2378 1965 2455 fefellisset,
2012 2384 2072 2440 in
2109 2383 2258 2440 viro-

58 2480 164 2522 rum
229 2467 516 2525 bonorum
582 2481 821 2522 numero
877 2480 991 2521 non
1050 2467 1329 2536 putarunt
1375 2463 1579 2522 haberi
1622 2473 1907 2539 oportere.
1996 2470 2077 2528 At
2121 2470 2402 2528 ver0117

58 2550 109 2610 T.
172 2553 415 2613 Roscius
481 2570 598 2611 non
672 2569 846 2609 unum
914 2552 1002 2610 rei
1072 2551 1446 2624 pecuniariae
1516 2555 1728 2612 socium
1798 2548 2033 2630 fefellit,
2110 2559 2260 2630 quod

58 2645 271 2700 tametsi
319 2658 498 2715 grave
548 2646 660 2711 est,
706 2645 902 2698 tamen
948 2639 1139 2711 aliquo
1184 2638 1352 2697 modo
1394 2655 1561 2711 posse
1594 2640 1734 2700 ferri
1764 2644 2016 2718 videtur,
2060 2663 2259 2704 verum

56 2743 240 2787 novem
287 2730 554 2788 homines
599 2728 1063 2799 honestissimos,
1124 2726 1382 2784 eiusdem
1429 2730 1709 2802 muneris,
1756 2731 2089 2805 legationiS,
2136 2732 2261 2791 offi-

58 2815 119 2872 cii
160 2818 675 2890 mandatorumque
723 2816 908 2873 socios
953 2814 1204 2886 induxit,
1262 2814 1522 2890 decepit,
1576 2815 1866 2891 destituit,
1914 2820 2260 2878 adversariis

57 2904 303 2979 tradidit,
365 2905 522 2963 omni
581 2903 784 2963 fraude
843 2907 904 2960 et
958 2900 1201 2974 perfidia
1260 2900 1486 2961 fefellit.
1579 2904 1688 2975 Qui
1747 2904 1817 2964 de
1865 2908 1990 2964 eius
2037 2908 2259 2966 scelere

57 2994 320 3064 suspicari
365 2992 512 3050 nihil
551 2995 893 3064 potuerunt,
957 2989 1176 3047 socium
1229 2988 1404 3048 officii
1450 2997 1713 3051 metuere
1758 3010 1872 3051 non
1919 2994 2262 3069 debuerunt,

57 3079 165 3136 eius
206 3081 491 3139 malitiam
539 3097 654 3138 non
700 3079 993 3152 viderunt,
1056 3078 1304 3135 orationi
1350 3094 1534 3137 vanae
1576 3080 1964 3139 crediderunt.
2055 3084 2260 3156 Itaque

57 3182 191 3224 nunc
252 3169 338 3226 illi
388 3167 651 3226 homines
706 3166 1095 3225 honestissimi
1139 3170 1377 3237 propter
1420 3168 1585 3226 istius
1629 3169 1869 3227 insidias
1914 3186 2117 3242 parum
2156 3191 2262 3245 pu-

57 3257 237 3313 tantur
304 3256 463 3314 cauti
531 3255 872 3329 providique
934 3253 1140 3311 fuisse:
1217 3255 1359 3328 iste,
1434 3257 1532 3327 qui
1589 3257 1755 3314 initio
1807 3258 2070 3329 proditor
2131 3258 2260 3333 fuit,

58 3339 251 3403 deinde
309 3343 555 3417 perfuga
574 3389 590 3417 ,
650 3344 747 3415 qui
809 3343 993 3415 primo
1058 3340 1346 3399 sociorum
1410 3345 1649 3402 consilia
1688 3345 2034 3404 adversariis
2081 3365 2260 3406 enun-

56 3426 235 3505 tiavit,
278 3431 869 3489 deinde‘societatem
914 3446 1041 3486 cum
1086 3430 1224 3501 ipsis
1270 3429 1620 3490 adversariis
1660 3433 1824 3506 coiit,
1868 3438 2054 3493 terret
2085 3437 2262 3494 etiam

56 3532 146 3574 nos
189 3535 258 3577 ac
303 3520 560 3578 minatur
606 3518 789 3577 tribus
842 3516 1133 3590 praediis,
1187 3517 1295 3574 hoc
1344 3522 1433 3575 est
1474 3521 1749 3590 praemiis
1781 3523 2047 3597 60616116,
2093 3541 2261 3582 orna-

216 3738 269 3802 1)
316 3737 509 3803 illeque
543 3733 811 3800 Madvig.;
859 3733 950 3785 ille
991 3732 1085 3800 qui
1129 3733 1309 3787 codd.¹
1531 3736 1583 3803 2)
1630 3735 1829 3789 Roscio
1862 3738 2053 3791 100106.
2090 3741 2261 3792 Hoto-

60 3817 179 3858 man.
198 3848 210 3870 ‚
285 3807 340 3861 Τ.
402 3805 603 3860 Roscio
658 3805 905 3858 Schuetz,
1193 3805 1246 3870 3)
1312 3804 1576 3857 commisit
1620 3807 1866 3874 Richter,
1930 3809 2258 3863 Fleckeisen.

60 3873 104 3938 4)
136 3876 309 3943 Atque
344 3877 558 3929 Miiller.

134 3977 221 4020 cie.
251 3979 388 4022 cratt.
423 3977 531 4021 seu.
1801 3971 1837 4026 3
