2669 4354
420 240 593 329 1—98—
1426 253 1646 294 omi-no

423 433 524 485 aut
548 422 598 505 ¹)
645 429 831 500 ipsum
872 428 946 486 ab
993 426 1199 487 inferis
1246 428 1505 486 excitare
1523 472 1538 501 ‚
1598 434 1795 485 utrum
1851 429 2067 500 putatis
2113 429 2303 501 potius
2353 424 2608 483 facturum

421 514 605 573 fuisse
622 519 651 572 ’Β
757 516 951 574 Etiam
998 517 1049 575 si
1095 521 1332 589 propter
1371 516 1683 574 amicitiam
1727 516 1906 574 vellet
1948 516 2108 576 illum
2145 516 2219 573 ab
2260 513 2459 572 inferis
2499 529 2610 570 avo·

424 619 560 661 care
584 598 638 682 2)
658 648 674 678 ,
731 609 971 677 propter
1013 621 1136 662 rem
1180 604 1471 676 publicam
1516 621 1632 662 non
1676 603 1927 661 fecisset.
2033 603 2177 660 Eius
2220 603 2398 675 igitur
2439 602 2609 658 mortis

424 691 640 749 sedetis
687 693 933 766 ultores,
998 692 1163 749 cuius
1223 693 1402 749 vitam
1464 693 1515 749 si
1570 692 1785 765 putetis
1841 707 1950 764 per
2006 707 2108 749 vos
2163 690 2397 748 restitui
2451 704 2610 762 posse,

426 779 621 837 nolitis
644 773 721 858 ³),
778 787 840 836 et
879 778 951 837 de
999 780 1124 836 eius
1170 796 1317 837 nece
1364 780 1488 837 lata
1530 780 1794 852 quaestio
1843 786 1962 851 est,
2019 780 2119 850 qui
2164 779 2213 836 si
2257 780 2391 850 lege
2437 777 2611 835 eadem

423 868 774 925 reviviscere
817 873 1044 940 posset,
1106 868 1228 925 lata
1272 868 1369 924 lex
1413 882 1723 940 numquam
1770 872 1939 924 esset.
2046 866 2234 924 Huius
2280 882 2421 938 ergo
2461 866 2613 922 inter-

423 955 608 1013 fector
666 955 715 1012 si
767 962 950 1027 esset,
1028 954 1092 1012 in
1147 951 1473 1013 confitendo
1530 954 1604 1012 ab
1663 954 1810 1012 iisne
1866 971 2112 1027 poenam
2169 954 2431 1025 timeret,
2502 968 2614 1024 quos

324 1047 403 1106 80
423 1043 828 1100 liberavisset?
927 1041 1138 1101 Graeci
1183 1043 1446 1101 homines
1491 1043 1729 1100 deorum
1773 1043 2020 1099 honores
2067 1041 2328 1099 tribuunt
2372 1042 2444 1098 iis
2485 1041 2613 1110 viriS,

425 1131 523 1202 qui
566 1135 841 1203 tyrannos
886 1135 1244 1189 necaverunt
1310 1164 1390 1172 —
1455 1147 1620 1201 quae·
1660 1146 1768 1203 ego
1815 1129 1931 1188 vidi
1976 1130 2223 1188 Athenis
2240 1174 2256 1204 ,
2319 1145 2469 1202 quae
2511 1128 2616 1184 aliis

424 1219 486 1275 in
548 1217 783 1276 urbibus
841 1217 1153 1276 Graeciae!
1232 1232 1378 1290 quas
1434 1234 1530 1275 res
1591 1218 1812 1275 divinas
1871 1217 2083 1275 talibus
2134 1217 2436 1275 institutas
2478 1215 2617 1273 viris!
2655 1249 2656 1266 1

426 1322 568 1378 quos
611 1312 814 1363 cantus
830 1350 845 1379 ‚
893 1322 1043 1378 quae
1077 1306 1360 1364 carmina!
1403 1320 1584 1377 prope
1630 1304 1705 1362 ad
1744 1305 2190 1364 immortalitatis
2238 1310 2299 1363 et
2315 1299 2373 1382 ⁴)
2419 1304 2619 1377 religio-

426 1411 562 1451 nem
614 1399 675 1452 et
732 1395 1069 1468 memoriam
1129 1398 1545 1451 consecrantur
1611 1417 1724 1450 —:
1803 1408 1904 1449 vos
1964 1393 2113 1451 tanti
2179 1398 2620 1451 conservatorem

427 1481 658 1555 populi,
719 1482 870 1539 tanti
922 1482 1161 1539 sceleris
1218 1481 1464 1539 ultorem
1508 1497 1624 1538 non
1678 1479 1846 1538 modo
1907 1479 2217 1538 honoribus
2270 1480 2451 1539 nullis
2508 1476 2620 1537 adfi-

429 1569 625 1642 cietiS‚
683 1569 787 1627 sed
835 1570 1007 1626 etiam
1064 1570 1138 1628 ad
1197 1569 1543 1641 supplicium
1599 1570 1728 1641 rapi
1784 1569 2130 1641 patiemini?
2235 1567 2619 1636 confiteretur,
2657 1555 2658 1630 l

429 1649 836 1729 confiteretur,
885 1658 1150 1729 inquam,
1207 1657 1255 1714 si
1300 1656 1566 1730 fecisset,
1628 1664 1691 1714 et
1747 1671 1955 1729 magno
2000 1657 2193 1714 animo
2250 1662 2314 1713 et
2379 1656 2620 1724 libenter,

428 1743 637 1804 fecisse
682 1761 745 1802 se
796 1743 1084 1803 libertatis
1129 1745 1384 1802 omnium
1428 1760 1630 1817 causa,
1694 1744 1848 1817 quod
1895 1749 2052 1802 esset
2106 1745 2162 1802 ei
2183 1790 2188 1794 .
2207 1761 2330 1802 non
2378 1741 2621 1802 confiten-

321 1831 410 1898 30
429 1833 564 1890 dum
630 1833 825 1906 modo,
893 1847 1090 1889 verum
1155 1832 1333 1890 etiam
1398 1831 1864 1905 praedicandum.
1984 1832 2220 1889 Etenim
2291 1833 2346 1890 si
2410 1831 2470 1889 id
2530 1846 2660 1916 non*

324 1928 403 1985 81
428 1926 632 1994 negat,
675 1936 746 1978 ex
782 1936 894 1993 quo
925 1920 1071 1977 nihil
1115 1921 1287 1992 petit,
1344 1920 1456 1977 nisi
1496 1925 1560 1976 ut
1603 1919 1961 1992 ignoscatur,
2008 1919 2306 1978 dubitaret
2353 1921 2416 1978 id
2460 1915 2622 1989 fateri,
2659 1921 2660 1942 ¹

429 2026 501 2067 ex
546 2025 658 2080 quo
703 2009 882 2065 etiam
939 2008 1201 2080 praemia
1244 2007 1434 2065 laudis
1489 2013 1685 2065 essent
1740 2006 2039 2080 petenda?
2116 2024 2244 2065 cum
2304 2007 2624 2080 praesertim

426 2097 488 2153 in
504 2090 559 2175 ⁵)
604 2111 678 2153 ea
721 2095 1111 2168 confessione,
1159 2095 1207 2153 si
1252 2096 1404 2169 grati
1450 2111 1578 2153 esse
1619 2096 1873 2168 velletis,
1931 2095 2181 2153 honores
2229 2095 2627 2169 adsequeretur

427 2184 807 2257 amplissimos
829 2228 843 2256 ,
898 2184 1009 2241 nisi
1053 2199 1192 2241 vero
1237 2185 1460 2255 gratius
1515 2189 1683 2266 putat
1736 2200 1864 2242 esse
1910 2184 2071 2242 vobis
2089 2227 2102 2253 ,
2183 2186 2275 2241 sui
2340 2202 2406 2242 se
2452 2183 2626 2255 capitis
2661 2165 2662 2251 l

423 2289 594 2344 quam
636 2272 816 2329 vestri
838 2267 891 2351 ⁶)
936 2270 1298 2330 defensorem
1345 2270 1524 2330 fuisse
1546 2266 1616 2349 ⁷).
1708 2272 1768 2331 Si
1814 2270 2030 2329 factum
2073 2273 2236 2330 vobis
2281 2289 2406 2331 non
2451 2271 2626 2346 proba·
2661 2274 2662 2291 ¹

421 2365 603 2431 retur,
666 2390 747 2399 —
802 2375 1147 2432 quamquam
1192 2360 1292 2432 qui
1350 2364 1580 2430 poterat
1647 2360 1804 2417 salus
1857 2376 1962 2417 sua
2018 2360 2285 2433 cuiquam
2349 2378 2468 2419 non
2522 2374 2625 2431 pro-

423 2447 592 2504 bari?
646 2478 730 2515 —,
781 2446 884 2505 sed
928 2453 1125 2505 tamen
1171 2448 1220 2505 si
1260 2448 1451 2504 minus
1495 2445 1796 2504 fortissimi
1836 2447 1947 2504 viri
1990 2448 2170 2505 virtus
2211 2449 2443 2507 civibus
2485 2453 2626 2521 grata

424 2535 762 2608 cecidisset,
817 2550 1025 2608 magno
1084 2535 1275 2593 animo
1333 2535 1734 2605 constantique
1793 2534 2032 2593 cederet
2089 2552 2160 2594 ex
2218 2536 2458 2610 ingrata
2516 2534 2627 2592 civi·

422 2628 563 2680 tate.
654 2621 804 2680 Nam
859 2621 995 2694 quid
1053 2628 1208 2679 esset
1263 2622 1545 2695 ingratius
1606 2638 1778 2695 quam
1834 2623 2048 2681 laetari
2107 2629 2343 2681 ceteros
2362 2669 2380 2698 ,
2454 2626 2624 2695 lugere

320 2722 401 2780 82
425 2727 556 2769 eum
606 2711 788 2768 solum
806 2755 821 2784 ,
878 2715 1115 2788 propter
1160 2726 1332 2781 quem
1385 2710 1568 2767 ceteri
1624 2711 2031 2768 laetarentur?
2120 2710 2486 2784 Quamquam
2543 2711 2626 2767 hoc

423 2800 615 2858 animo
677 2813 908 2871 semper
968 2812 1166 2855 omnes
1220 2796 1434 2856 fuimus
1494 2798 1555 2854 in
1613 2798 1841 2870 patriae
1886 2798 2277 2870 proditoribus
2326 2801 2629 2874 opprimen-

423 2887 510 2945 dis
527 2932 543 2960 ,
626 2890 718 2958 ut,
789 2885 1058 2957 quoniam
1118 2890 1317 2942 nostra
1375 2884 1571 2943 futura
1630 2890 1784 2944 esset
1849 2886 2063 2959 gloria,
2136 2888 2468 2959 periculum
2518 2900 2629 2957 quo·

421 2991 534 3048 que
584 2979 645 3032 et
707 2972 985 3031 invidiam
1028 2978 1285 3030 nostram
1329 2977 1683 3046 putaremus,
1786 2972 1936 3031 Nam
1980 2990 2129 3045 quae
2177 2975 2320 3032 mihi
2382 2975 2493 3047 ipsi
2544 2971 2627 3029 tri-

419 3061 651 3120 buenda
693 3062 820 3119 laus
868 3065 1056 3133 esset,
1119 3077 1249 3118 cum
1295 3066 1518 3118 tantum
1580 3062 1643 3118 in
1688 3062 1986 3119 consulatu
2034 3078 2166 3120 meo
2210 3079 2318 3135 pro
2366 3062 2526 3121 vobis
2573 3073 2627 3115 ac

563 3297 616 3361 1)
667 3301 715 3349 et
747 3292 1117 3362 quaestionem
1161 3324 1221 3332 —-
1258 3298 1309 3346 et
1344 3293 1517 3355 Bake;
1569 3298 1635 3347 ut
1682 3299 1887 3361 quaest.
1935 3326 2002 3334 -—
2049 3294 2129 3348 sic
2178 3292 2366 3349 Orelli.
2414 3294 2629 3348 omittere

421 3370 521 3418 aut
562 3364 853 3419 Eberhard.
927 3378 1043 3415 non
1093 3364 1238 3430 ferre
1287 3369 1389 3417 aut
1434 3363 1543 3429 ita,
1591 3370 1656 3418 ut
1691 3363 1949 3418 excitaret
1982 3365 2234 3418 Hedicke.
2457 3365 2509 3431 2)
2559 3361 2628 3416 sic

419 3434 570 3489 codd.
607 3438 744 3503 opt.,
778 3435 868 3487 alii
904 3434 989 3486 vel
1025 3448 1280 3485 revocare
1311 3435 1397 3486 vel
1434 3448 1668 3487 evocare.
1885 3436 1938 3504 3)
1977 3435 2199 3488 nolletis
2236 3435 2353 3490 cod.
2396 3436 2628 3504 Tegei-ns.

418 3509 473 3560 et
511 3504 815 3558 Cassiodor.
859 3522 910 3574 p.
953 3505 1083 3571 373,
1130 3506 1184 3556 et
1222 3503 1298 3557 sic
1336 3503 1527 3558 Graev.
1741 3504 1798 3572 4)
1849 3509 1900 3556 et
1934 3522 2055 3559 unc.
2100 3506 2221 3559 incl.
2262 3503 2628 3560 Hirschfelder.

420 3578 475 3642 5)
514 3576 864 3629 Heumannus
899 3576 954 3627 et
988 3574 1182 3641 Zumpt
1217 3574 1364 3629 Verr.
1402 3590 1453 3641 p.
1493 3574 1596 3628 603
1643 3575 2095 3642 praepositionem
2134 3576 2411 3630 delendam
2447 3579 2629 3629 statue-

417 3649 562 3699 runt.
707 3646 763 3711 6)
806 3644 893 3698 Sic
930 3642 1041 3697 cod.
1081 3644 1301 3710 Colon.;
1331 3644 1499 3697 vestri
1533 3645 1745 3698 oreimis
1780 3644 1890 3698 Erf.
1932 3647 1987 3699 et
2024 3646 2306 3713 Tegerns.‚
2350 3647 2489 3718 quod
2522 3641 2630 3697 reti-

417 3720 654 3769 nuerunt
693 3713 886 3768 Graev.
926 3713 1110 3776 Klotz,
1154 3714 1268 3766 alii.
1485 3713 1538 3781 7)
1588 3715 1762 3769 Verba
1797 3715 1912 3766 ‘nisi
1947 3731 2072 3769 vero
2109 3747 2177 3755 —
2213 3717 2395 3782 fuisse
2427 3731 2555 3785 quae
2582 3713 2628 3764 in

419 3784 569 3840 codd.
621 3787 749 3909 agg?
787 3799 910 3836 cum
936 3784 1264 3850 praesertim
1291 3787 1387 3838 cet.
1417 3784 1597 3854 posita
1624 3789 1780 3854 sunt,
1817 3786 2207 3854 Heerwagenio
2248 3791 2464 3841 auctore
2500 3784 2627 3854 post-

417 3858 601 3927 posuit
746 3871 816 3907 m.
