2669 4354
376 246 500 304 378
1059 258 1280 301 onAr1o
1324 259 1584 301 rmum.
1633 260 1907 302 sncvnnA

374 432 660 491 effuderit.
758 433 1046 491 Maximus
1091 433 1211 490 vini
1264 450 1536 491 numerus
1581 433 1721 507 fuit,
1780 449 2161 508 permagnum
2205 435 2412 507 optimi
2456 452 2596 508 pon-

373 519 477 578 dus
518 521 775 594 argenti,
836 521 1092 593 pretiosa
1140 522 1346 595 vestiS,
1389 522 1569 579 multa
1607 527 1668 580 et
1713 522 1873 579 lauta
1918 522 2222 596 suppellex
2270 529 2330 581 et
2375 523 2596 594 magni-

371 607 481 666 fica
525 609 717 666 multis
762 609 933 682 locis,
994 625 1108 666 non
1151 609 1255 666 illa
1299 609 1532 681 quidem
1587 609 1865 667 luxuriosi
1910 610 2187 683 hominiS,
2249 611 2355 668 sed
2401 616 2596 668 tamen

271 702 351 759 67
373 695 743 755 abundantis:
821 697 1019 754 horum
1069 698 1267 769 paucis
1327 697 1530 755 diebus
1587 697 1732 754 nihil
1795 704 1941 757 erat.
2062 697 2225 767 Quae
2272 697 2596 771 Charybdis

373 789 491 842 tam
537 787 754 842 vorax?
843 784 1191 858 Charybdim
1242 785 1408 843 dico?
1467 801 1618 857 quae
1662 786 1713 842 si
1755 784 1865 843 fuit
1883 829 1898 858 ,
1956 786 2172 843 animal
2220 804 2401 844 unum
2463 787 2594 844 fuit:

371 870 664 945 Oceanus,
709 890 801 930 me
848 872 976 930 dius
1017 871 1215 945 fidius,
1260 873 1355 930 vix
1390 873 1620 930 videtur
1665 878 1753 931 tot
1795 890 1890 931 res
1927 879 2044 930 tam
2090 872 2431 947 dissipatas,
2480 880 2595 932 tam

371 959 715 1018 distantibus
762 960 822 1017 in
879 960 1019 1017 locis
1064 961 1283 1034 positas
1301 954 1357 1040 ¹)
1413 965 1532 1018 tam
1563 962 1676 1018 cito
1708 960 2023 1019 absorbere
2064 963 2340 1033 potuisse.
2400 963 2598 1019 -Nihil

371 1053 497 1106 erat
541 1050 844 1120 clausum,'
879 1048 1021 1106 nihil
1067 1048 1457 1122 obsignatum,
1502 1049 1646 1105 nihil
1699 1049 2004 1121 scriptum3
2064 1050 2384 1121 apothecae
2434 1055 2595 1108 totae

371 1135 735 1208 nequissimis
780 1136 1105 1194 hominibus
1153 1136 1658 1209 condonabantur;
1714 1137 1831 1195 alia
1873 1137 2031 1193 mimi
2077 1137 2418 1213 rapiebant,
2478 1140 2597 1196 alia

371 1224 608 1281 mimae:
671 1224 872 1282 domus
924 1229 1050 1282 erat
1110 1224 1464 1282 aleatoribus
1509 1222 1760 1298 referta,
1827 1225 2000 1296 plena
2063 1224 2381 1283 ebriorum:
2443 1232 2596 1284 totos

371 1311 495 1369 dies
556 1312 891 1385 potabatur,
967 1317 1141 1384 atque
1205 1312 1265 1370 id
1331 1312 1473 1370 locis
1533 1311 1820 1384 pluribus:
1886 1313 2350 1386 suggerebantur
2413 1315 2596 1379 etiarn

370 1415 546 1472 saepe
591 1431 675 1440 -
722 1416 838 1457 non
887 1401 1041 1458 enim
1086 1416 1316 1473 semper
1359 1400 1471 1458 iste
1517 1398 1660 1457 felix
1693 1433 1774 1441 —
1814 1400 2027 1458 damna
2063 1402 2366 1459 aleatoria.
2445 1400 2597 1460 Con-

372 1486 636 1560 chyliatis
667 1486 767 1545 Cn.
801 1487 1040 1560 Pompei
1067 1487 1489 1561 peristromatis
1519 1504 1817 1545 servorum
1847 1489 1906 1545 in
1941 1489 2102 1545 cellis
2146 1490 2331 1546 lectos
2377 1493 2594 1548 stratos

371 1575 613 1633 videres,
721 1576 903 1646 Quam
948 1575 1021 1634 ob
1060 1592 1184 1633 rem
1229 1575 1479 1634 desinite
1525 1575 1725 1634 mirari
1770 1576 1918 1635 haec
1963 1582 2081 1634 tam
2133 1578 2410 1635 celeriter
2460 1594 2590 1636 esse

372 1668 736 1735 consumpta:
806 1679 922 1721 non
981 1663 1147 1721 modo
1194 1664 1389 1729 unius
1419 1664 1827 1736 patrimonium
1871 1665 2128 1736 quamvis
2175 1666 2429 1738 amplum
2448 1709 2464 1739 ,
2529 1672 2596 1723 ut

370 1749 511 1808 illud
556 1749 691 1822 fuit,
753 1751 857 1809 sed
903 1752 1077 1809 urbes
1124 1755 1185 1810 et
1226 1767 1413 1824 regna
1458 1752 1732 1810 celeriter
1792 1756 1954 1809 tanta
2000 1752 2261 1824 nequitia
2308 1752 2591 1812 devorare

271 1842 349 1899 68
369 1839 669 1910 potuisset.
759 1839 850 1897 Ad
895 1838 1050 1897 idem
1096 1839 1271 1897 aedes
1318 1839 1496 1897 etiam
1541 1845 1605 1896 et
1646 1839 1859 1898 hortos
1949 1839 1996 1897 Ο
2043 1840 2346 1898 audaciam
2392 1842 2592 1899 imma-

371 1928 527 1986 nem!
582 1932 647 1985 tu
694 1927 871 1985 etiam
914 1927 1143 2000 ingredi
1189 1927 1349 1984 illam
1392 1927 1619 1985 domum
1664 1943 1836 1985 ausus
1897 1930 1997 1985 es?
2056 1932 2117 1985 tu
2162 1927 2306 1985 illud
2353 1930 2594 1988 sanctis-

371 2015 577 2072 simum
621 2015 799 2084 limen
839 2016 1059 2074 intrare
1078 2017 1106 2071 ‘2
1149 2019 1211 2072 tu
1258 2015 1489 2072 illarum
1535 2015 1766 2073 aedium
1812 2015 1900 2073 dis
1942 2015 2254 2089 penatibus
2300 2033 2364 2074 os
2411 2018 2592 2090 impu-

370 2102 657 2162 rissimum
708 2104 1058 2162 ostendere?
1165 2103 1348 2173 Quam
1398 2103 1627 2161 domum
1683 2103 2036 2175 aliquamdiu
2093 2120 2263 2161 nemo
2325 2105 2586 2179 aspicere

369 2196 630 2265 poterat,
711 2206 881 2248 nemo
921 2209 925 2214 ·
968 2192 1091 2250 sine
1174 2191 1427 2249 lacrimis
1514 2193 1868 2266 praeterire,
1957 2191 2067 2249 hac
2150 2198 2210 2251 te
2284 2193 2350 2250 in
2427 2193 2584 2252 domo

370 2284 490 2336 tam
543 2278 639 2336 diu
690 2277 987 2337 deversari
1046 2296 1160 2338 non
1228 2279 1444 2351 pudet?
1506 2280 1568 2336 in
1637 2297 1777 2354 qua,
1848 2280 2106 2351 quamvis
2169 2281 2313 2338 nihil
2382 2283 2585 2354 sapiaS,

265 2362 353 2429 28
369 2372 566 2424 tamen
611 2365 754 2424 nihil
799 2366 905 2424 tibi
950 2372 1144 2440 potest
1190 2382 1318 2425 esse
1365 2367 1694 2426 iucundum.
1803 2368 1895 2426 An
1942 2373 2005 2425 tu
2049 2368 2152 2427 illa
2202 2369 2263 2425 in
2309 2369 2586 2427 vestibulo

369 2458 558 2512 rostra
581 2448 631 2534 2)
681 2470 812 2511 cum
853 2456 1160 2530 aspexisti,
1222 2455 1449 2513 domum
1494 2460 1655 2513 tuam
1705 2460 1766 2513 te
1824 2456 2067 2515 introire
2123 2461 2296 2529 putas
2311 2459 2340 2512 ‘2³
2430 2457 2587 2515 Fieri

369 2558 483 2600 non
527 2546 736 2615 potest.
839 2543 1107 2613 Quamvis
1156 2544 1309 2602 enim
1355 2544 1480 2601 sine
1541 2548 1762 2617 mente,
1819 2544 1943 2603 sine
1989 2560 2162 2603 sensu
2218 2544 2332 2618 sis,
2396 2550 2460 2603 ut
2503 2562 2583 2619 eS,

367 2635 564 2687 tamen
609 2636 669 2688 et
714 2635 773 2689 te
821 2635 882 2689 et
926 2636 1027 2690 tua
1072 2635 1133 2690 et
1174 2637 1301 2690 tuos
1347 2632 1516 2689 nosti.
1623 2631 1748 2690 Nec
1794 2648 1932 2689 vero
1979 2636 2039 2691 te
2083 2648 2354 2704 umquam
2400 2649 2585 2705 neque

367 2719 702 2790 vigilantem
747 2734 936 2790 neque
980 2720 1042 2777 in
1099 2719 1309 2777 somnis
1359 2719 1532 2777 credo
1573 2735 1741 2791 posse
1796 2724 1990 2778 mente
2045 2720 2384 2779 consistere.
2471 2720 2588 2779 Ne-

368 2822 530 2864 cesse
578 2811 693 2880 est,
760 2808 1017 2879 quamvis
1060 2806 1173 2881 sis,
1240 2813 1304 2865 ut
1349 2823 1444 2881 eS,
1511 2808 1797 2865 violentus
1844 2813 1904 2866 et
1947 2806 2111 2866 ferox
2136 2802 2219 2887 3),
2299 2826 2426 2867 cum
2482 2809 2588 2866 tibi

366 2893 594 2951 obiecta
653 2894 729 2951 sit
792 2894 1017 2967 species
1076 2894 1386 2968 singularis
1456 2895 1599 2968 viri,
1675 2896 2048 2968 perterritum
2114 2901 2174 2953 te
2247 2894 2321 2955 de
2390 2913 2587 2955 somno

266 2985 345 3042 69
367 2982 635 3055 excitari,
689 2980 885 3040 furere
906 2974 960 3062 4)
1017 2982 1191 3041 etiam
1236 2998 1413 3056 saepe
1465 2983 1816 3055 vigilantem.
1905 2983 2007 3041 Me
2053 2982 2286 3056 quidem
2346 2985 2589 3042 miseret

363 3071 651 3143 parietum
697 3070 949 3142 ipsorum
1004 3076 1177 3143 atque
1234 3075 1534 3129 tectorum.
1641 3070 1790 3141 Quid
1845 3072 2000 3129 enim
2060 3088 2331 3143 umquam
2389 3072 2589 3130 domus

363 3158 466 3216 illa
505 3157 730 3217 viderat
783 3158 893 3217 nisi
936 3159 1206 3232 pudicum
1223 3203 1239 3233 ,
1292 3159 1430 3232 quid
1477 3158 1589 3217 nisi
1649 3175 1722 3216 ex
1769 3160 1984 3233 optimo
2031 3176 2191 3218 more
2243 3165 2305 3219 et
2348 3161 2587 3219 sanctis-

539 3451 592 3518 1)
643 3457 757 3505 tum
794 3448 918 3503 dist.
957 3482 1023 3489 -
1049 3448 1267 3516 positas
1306 3449 1473 3503 Cobet
1510 3449 1709 3504 Mnem.
1746 3448 1797 3502 X
1833 3451 1960 3519 366,
1997 3448 2276 3505 Eberhard
2313 3467 2429 3507 unc.
2464 3450 2588 3505 incl.

363 3522 417 3587 2)
453 3520 630 3574 Vatic.
678 3527 904 3574 ‘rostram
948 3519 1151 3587 spolia,
1197 3518 1339 3573 unde
1357 3521 1568 3599 ‘Mutet
1611 3520 1742 3574 coni.
1783 3525 1995 3583 rostra,
2044 3520 2252 3600 spoli&
2301 3526 2487 3575 ‘rostra
2523 3537 2592 3575 ac

361 3590 541 3673 spolia
587 3589 874 3672 Graeviu33
941 3590 1179 3672 hostium
1222 3590 1403 3671 spolqa
1447 3590 1632 3643 Faem.
1682 3608 1850 3661 susp.;
1925 3591 2104 3672 spolqa
2153 3592 2425 3674 glossema
2471 3609 2592 3673 esse

363 3658 793 3811 222222‘25313..
830 3660 1509 3797 0033.S;Z05z23t3335⁸·5.
1534 3660 1955 3800 magmis,
1984 3660 2414 3813 ἓξὲὓῗᾷὲὲἓᾷ
2431 3678 2590 3801 υὲἕὲῥ

364 3816 487 3853 ann.
532 3798 663 3867 ph11.
696 3798 783 3868 81,
820 3800 919 3853 621
968 3804 1205 3867 stupere,
1271 3800 1469 3870 Campe
1512 3800 1654 3855 Phil.
1690 3801 1758 3865 X,
1800 3801 1904 3856 629
1953 3802 2124 3869 fwrms
2176 3807 2383 3871 aydam
2418 3803 2588 3857 Eber-

361 3868 525 3942 hard,
565 3868 728 3922 Halm
760 3884 928 3922 ruere.
1001 3870 1150 3923 Nihil
1189 3872 1507 3925 mutandum
1546 3875 1652 3936 est,
1701 3872 1747 3926 si
1785 3875 1946 3925 antea
1976 3873 2133 3939 ferooe
2169 3874 2442 3928 scribitur.
