2669 4354
709 194 822 234 Pno
867 194 998 233 snx.
1042 192 1251 233 Rosc1o
1296 191 1590 231 AMERINO.
2190 174 2268 229 19

224 369 353 427 Non
412 369 498 426 ita
557 368 751 426 multis
810 371 948 425 ante
1009 365 1176 423 annis
1237 365 1401 422 aiunt
1462 364 1525 422 T.
1591 362 1853 422 Caelium
1873 358 1925 445 ¹)
1986 365 2273 437 quendam
2295 362 2385 430 23

81 456 562 530 Tarracinensem,
622 456 914 514 hominem
972 470 1088 511 non
1144 453 1481 526 obscurum,
1544 469 1673 510 cum
1729 458 1969 512 cenatus
2018 454 2273 511 cubitum
2294 458 2377 515 64

78 545 127 600 in
160 545 304 604 idem
347 546 622 603 conclave
669 562 799 601 cum
841 542 1062 600 duobus
1108 539 1581 599 adulescentibus
1610 539 1743 598 filiis
1774 542 1933 615 isset,
1976 542 2274 600 inventum

80 649 187 690 esse
241 650 408 691 mane
453 631 792 706 iugulatum.
885 629 1028 688 Cum
1072 645 1263 701 neque
1324 645 1523 688 servus
1568 630 1867 702 quisquam
1911 631 2275 702 reperiretur

78 737 243 792 neque
300 722 468 794 liber,
531 719 605 777 ad
666 736 836 792 quem
883 735 955 777 ea
999 717 1246 789 suspicio
1293 718 1651 791 pertineret,
1713 718 1775 775 id
1821 719 2031 775 aetatis
2076 723 2274 776 autem

80 808 174 866 duo
207 807 308 866 filii
351 813 593 882 propter
638 806 917 865 cubantes
954 822 1029 863 ne
1062 806 1311 873 sensisse
1346 805 1578 877 quidem
1610 822 1672 864 se
1705 805 1990 879 dicerent,
2038 807 2273 864 nomina

77 893 295 954 filiorum
330 898 403 956 de
448 894 760 968 parricidio
807 895 1002 953 delata
1042 897 1191 950 sunt.
1283 891 1432 964 Quid
1473 898 1704 966 poterat
1747 898 1866 951 tam
1913 910 2041 952 esse
2088 895 2271 968 suspi-

81 985 312 1042 ciosum?
349 990 697 1043 neutrumne
746 983 1034 1040 sensisse?
1057 975 1111 1061 2)
1158 996 1359 1039 ausum
1404 986 1601 1040 autem
1643 999 1771 1041 esse
1818 999 2161 1054 quemquam
2208 1000 2269 1042 se

79 1072 130 1128 in
178 1073 232 1130 id
277 1075 545 1131 conclave
593 1072 953 1129 committere
1004 1085 1074 1126 eo
1118 1070 1478 1141 potissimum
1524 1074 1818 1144 tempore,
1881 1087 2010 1128 cum
2052 1070 2272 1128 ibidem

81 1165 254 1217 essent
307 1161 418 1219 duo
477 1159 881 1218 adulescentes
925 1157 1061 1230 filii,
1118 1159 1216 1230 qui
1262 1163 1321 1216 et
1361 1158 1577 1216 sentire
1628 1162 1688 1216 et
1731 1157 2051 1218 defendere
2096 1157 2270 1217 facile

79 1253 329 1319 possent?
415 1248 566 1306 Erat
617 1263 788 1320 porro
849 1263 1046 1319 nemo,
1105 1246 1166 1303 in
1227 1262 1398 1319 quem
1444 1261 1516 1303 ea
1560 1248 1809 1319 suspicio
1853 1241 2269 1327 conveniretss).

80 1335 277 1395 Tamen
336 1354 466 1394 cum
530 1335 765 1409 planum
828 1334 1115 1392 iudicibus
1176 1338 1331 1393 esset
1391 1334 1633 1408 factum,
1700 1340 1903 1407 aperto
1949 1336 2096 1394 ostio
2143 1334 2273 1394 dor·
2292 1338 2373 1397 65

80 1424 303 1484 mientes
348 1441 446 1483 eos
490 1429 756 1496 repertos
799 1440 960 1496 esse,
1007 1422 1217 1480 iudicio
1249 1422 1499 1480 absoluti
1537 1423 1943 1482 adulescentes
1985 1429 2045 1481 et
2091 1425 2271 1498 suspi-

80 1513 225 1570 cione
277 1514 429 1571 omni
484 1512 718 1570 liberati
764 1515 911 1568 sunt.
1013 1510 1199 1568 Nemo
1252 1511 1406 1568 enim
1445 1510 1689 1582 putabat
1731 1528 2074 1584 quemquam
2121 1530 2270 1586 esse,

79 1602 187 1674 qui,
243 1617 366 1658 cum
424 1601 620 1658 omnia
678 1600 874 1657 divina
918 1604 1092 1670 atque
1139 1598 1391 1656 humana
1437 1599 1565 1656 iura
1609 1600 1832 1658 scelere
1878 1599 2102 1658 nefario
2149 1603 2272 1674 pol-

80 1689 290 1763 luisset,
346 1706 608 1747 somnum
666 1688 861 1746 statIm
914 1703 1123 1758 capere
1162 1687 1449 1759 potuisset
1469 1680 1540 1766 4),
1584 1692 1899 1759 propterea
1943 1671 2127 1763 quod,
2173 1690 2273 1762 qui

81 1780 277 1834 tantum
319 1776 542 1835 facinus
587 1778 1024 1849 commiserunt,
1068 1791 1186 1831 non
1226 1775 1396 1832 modo
1443 1776 1571 1832 sine
1616 1792 1754 1833 cura
1798 1777 2119 1851 quiescere,
2166 1777 2271 1834 sed

79 1881 143 1922 ne
183 1866 396 1938 spirare
443 1863 675 1937 quidem
719 1865 844 1922 sine
891 1869 1049 1921 metu
1094 1868 1347 1935 possunt.

230 1953 559 2027 Videtisne,
618 1969 760 2024 quos
814 1952 980 2010 nobis
1039 1956 1247 2024 poetae
1309 1951 1674 2009 tradiderunt
1718 1953 1902 2024 patris
1948 1954 2264 2011 ulciscendi
2287 1950 2378 2017 24

83 2055 234 2097 causa
287 2041 631 2114 supplicium
689 2041 762 2099 de
821 2045 1006 2098 matre
1067 2039 1405 2113 sumpsisse,
1466 2057 1597 2097 cum
1641 2041 1989 2112 praesertim
2034 2042 2271 2100 deorum
2294 2046 2374 2102 66

83 2128 454 2188 immortalium
509 2130 679 2188 iussis
740 2133 912 2202 atque
967 2127 1214 2187 oraculis
1269 2128 1329 2186 id
1375 2126 1581 2188 fecisse
1628 2128 1911 2204 dicantur,
1968 2135 2164 2189 tamen
2211 2136 2276 2189 ut

85 2232 169 2274 eos
209 2220 422 2289 agitent
465 2219 683 2278 Furiae
744 2235 934 2290 neque
982 2217 1296 2275 consistere
1337 2233 1607 2289 umquam
1646 2220 1957 2290 patiantur,
2003 2220 2154 2292 quod
2197 2238 2273 2279 ne

84 2304 153 2375 pii
209 2306 431 2377 quidem
498 2307 623 2365 sine
690 2307 914 2364 scelere
980 2321 1108 2364 esse
1174 2310 1522 2377 potuerunt?
1635 2305 1730 2364 Sic
1792 2324 1854 2365 se
1922 2324 2017 2366 res
2081 2309 2275 2383 habet,

83 2392 301 2451 iudices:
360 2412 630 2468 magnam
688 2395 830 2467 vim,
893 2410 1159 2468 magnam
1204 2394 1647 2468 necessitatem,
1705 2413 1972 2469 magnam
2016 2397 2277 2469 possidet

83 2481 392 2552 religionem
436 2489 714 2557 paternus
757 2488 1167 2554 maternusque
1215 2483 1477 2556 sanguiS,
1526 2498 1597 2539 ex
1642 2499 1752 2555 quo
1799 2485 1847 2542 si
1892 2501 2006 2556 qua
2052 2487 2277 2543 macula

86 2576 338 2643 concepta
385 2578 509 2645 est,
569 2588 684 2629 non
739 2571 906 2629 modo
966 2571 1083 2628 elui
1120 2587 1237 2627 non
1278 2576 1500 2645 potest,
1560 2587 1761 2628 verum
1805 2589 1983 2645 nsque
2032 2590 2100 2632 eo
2146 2591 2277 2647 per-

86 2664 258 2716 manat
304 2660 376 2717 ad
421 2660 710 2733 animum,
754 2664 817 2717 ut
861 2675 1113 2717 summus
1158 2658 1320 2716 furor
1368 2663 1539 2731 atque
1580 2660 1835 2717 amentia
1875 2670 2276 2733 consequatur.

86 2743 253 2804 Nolite
308 2749 462 2805 enim
517 2753 761 2821 putare,
816 2764 987 2820 quem
1048 2748 1123 2806 ad
1181 2746 1411 2804 modum
1468 2747 1530 2804 in
1586 2746 1795 2806 fabulis
1856 2766 2275 2822 saepenumero
2301 2751 2379 2808 67

86 2833 294 2909 videtiS,
341 2829 465 2911 eos,
513 2837 612 2908 qui
658 2835 873 2908 aliquid
915 2836 1089 2907 impie
1137 2836 1535 2908 scelerateque
1576 2836 2018 2911 commiserunt,
2067 2840 2276 2911 agitari

89 2925 140 2977 et
185 2925 495 2995 perterreri
549 2924 861 2982 Furiarum
919 2923 1104 2982 taedis
1166 2922 1519 2981 ardentibus
1623 2924 1740 2982 Sua
1793 2941 2075 2998 quemque
2120 2926 2278 2984 fraus

91 3012 140 3063 et
177 3026 299 3069 suus
342 3017 532 3071 terror
570 3013 817 3070 maxime
864 3018 1062 3085 vexat,
1109 3027 1275 3069 suum
1317 3028 1601 3084 quemque
1644 3012 1833 3071 scelus
1865 3015 2048 3086 agitat
2084 3031 2279 3072 amen-

89 3096 259 3169 tiaque
323 3099 550 3173 adficit3
618 3117 756 3159 suae
823 3101 1011 3158 malae
1083 3101 1462 3172 cogitationes
1537 3101 2041 3175 conscientiaeque
2102 3103 2280 3160 animi

89 3189 298 3246 terrent.
405 3190 573 3247 Haec
591 3182 644 3271 5)
703 3193 835 3247 sunt
901 3189 1093 3261 impiis
1153 3188 1432 3246 adsiduae
1508 3188 1972 3263 domesticaeque
2049 3191 2282 3267 Furiae,

242 3476 292 3543 1)
329 3475 417 3529 Sic
452 3474 574 3529 val.
611 3475 752 3528 Max.
789 3475 942 3528 VIII.
985 3476 1039 3537 1,
1081 3476 1163 3528 13.
1211 3474 1364 3527 codd.
1418 3474 1504 3527 vol
1545 3472 1831 3543 Cloelium,
1875 3476 1962 3530 vel
2015 3476 2283 3544 Clodium,

93 3541 159 3595 vel
197 3544 482 3600 Glaedium.
677 3547 729 3615 2)
770 3546 871 3600 Sic.
915 3546 1050 3599 coni.
1088 3546 1332 3612 Madvig3
1373 3559 1420 3612 q.
1451 3560 1511 3611 p.
1546 3545 1661 3598 iam
1698 3562 1810 3599 6336
1848 3549 2005 3614 (sane
2040 3564 2152 3602 6336
2190 3549 2283 3613 al.)

93 3624 212 3680 susp.
250 3624 426 3672 autem
459 3623 716 3670 neutrum
751 3633 820 3669 ne
855 3633 992 3670 sens,
1020 3617 1170 3670 codd.
1229 3615 1375 3683 Quid
1401 3620 1529 3682 post
1553 3615 1773 3669 autem?
1804 3625 1922 3672 erat
1954 3635 2087 3671 sane
2113 3618 2286 3685 suspi-

91 3682 266 3738 ciosum
298 3695 555 3742 neutrum
605 3688 839 3740 sensisse
875 3687 1108 3741 Richter.
1253 3688 1306 3753 3)
1346 3686 1493 3739 Erat
1526 3703 1699 3754 porro
1737 3718 1799 3726 —
1840 3688 2148 3743 conveniret
2184 3688 2283 3740 del.

92 3750 387 3813 Fleckeisen.
496 3758 552 3826 4)
592 3757 680 3811 Sic
717 3758 901 3823 c'.odd;
940 3758 1156 3811 Ernesti
1195 3759 1250 3809 et
1285 3757 1528 3827 plerique
1566 3759 1693 3812 edit.
1722 3765 1925 3827 posset.
2036 3760 2092 3826 5)
2133 3758 2287 3811 Haec

93 3820 374 3882 Fleckeisen
413 3847 475 3883 ex
512 3829 626 3882 cod.
665 3827 841 3883 Guelf.

1760 3916 1849 3982 2*
