2669 4354
396 222 480 279 44
945 233 1164 276 onA'mo
1207 233 1321 275 Pno
1367 233 1498 274 sax.
1544 232 1750 273 Rosc10
1793 232 2086 272 mmo,

287 396 376 464 53
568 406 787 479 Quodsi
844 407 905 466 id
949 423 1049 465 vos
1095 403 1390 477 suscipitis
1438 409 1498 463 et
1544 403 1619 462 ad
1667 419 1798 462 eam
1840 420 1967 462 rem
1993 397 2044 483 ¹)
2089 419 2327 476 operam
2368 410 2593 464 vestram

250 490 373 550 153
392 493 769 570 profitemini,
817 495 865 552 si
906 494 1121 553 idcirco
1151 491 1398 561 sedetis,
1446 498 1514 550 ut
1549 492 1625 550 ad
1662 508 1760 551 vos
1792 491 2157 550 adducantur
2198 508 2402 551 eorum
2430 493 2590 566 liberi,

276 592 277 595 ’
393 599 640 656 quorum
696 583 848 642 bona
902 582 1240 653 venierunt,
1296 584 1535 652 cavete,
1583 596 1692 653 per
1749 579 1887 638 deos
1932 581 2311 653 immortaleS,
2377 581 2591 651 iudices,

390 687 467 729 ne
520 687 670 729 nova
733 675 793 730 et
845 672 1024 728 multo
1075 667 1372 726 crudelior
1432 683 1539 739 per
1584 684 1684 725 vos
1728 668 2070 740 proscriptio
2115 667 2445 728 instaurata
2490 685 2591 728 esse

390 758 677 817 videatur.
786 758 953 817 Illam
1018 757 1299 830 priorem,
1364 771 1515 827 quae
1583 752 1742 813 facta
1807 760 1898 814 est
1961 756 2022 812 in
2097 771 2227 829 eOS,
2294 757 2396 829 qui
2458 773 2591 816 arma

392 862 604 920 capere
645 850 991 919 potuerunt,
1038 849 1234 903 tamen
1264 847 1506 901 senatus
1544 843 1840 915 suscipere
1879 843 2083 917 noluit,
2126 859 2203 902 ne
2234 845 2375 916 quid
2407 847 2590 916 acriuS,

391 951 563 1007 quam
607 950 767 993 more
796 933 1078 992 maiorum
1109 936 1503 1004 comparatum
1546 936 1701 989 esset
1722 924 1804 1011 ²),
1846 931 2082 1004 publico
2113 931 2354 991 consilio
2401 932 2591 992 factum

388 1022 722 1081 videretur:
769 1021 918 1079 hanc
963 1037 1102 1079 vero
1117 1064 1132 1093 ,
1172 1035 1324 1091 quae
1371 1018 1447 1077 ad
1494 1034 1694 1077 eorum
1739 1018 1953 1077 liberos
1985 1023 2162 1091 atque
2198 1018 2274 1077 ad
2304 1020 2590 1080 infantium

389 1125 706 1183 puerorum
763 1109 1118 1167 incunabula
1167 1108 1454 1180 pertinet,
1511 1107 1624 1164 nisi
1677 1106 1790 1165 hoc
1845 1105 2062 1166 iudicio
2107 1124 2142 1165 a
2187 1108 2350 1167 vobis
2396 1110 2591 1169 reicitis

392 1204 453 1256 et
509 1197 929 1271 aspernamini,
982 1196 1203 1269 videte,
1266 1211 1375 1268 per
1434 1194 1576 1253 deos
1632 1195 2016 1269 immortaleS,
2077 1211 2249 1268 quem
2304 1197 2365 1254 in
2425 1198 2591 1256 locum

391 1301 517 1343 rem
560 1285 853 1358 publicam
897 1288 1306 1357 perventuram
1330 1277 1384 1361 ³)
1427 1282 1663 1355 putetis,

248 1365 371 1425 154
565 1373 843 1431 Homines
889 1373 1179 1444 sapientes
1226 1376 1285 1429 et
1328 1371 1444 1428 ista
1485 1370 1835 1429 auctoritate
1884 1376 1947 1428 et
1980 1375 2269 1443 potestate
2296 1372 2590 1445 praeditos

390 1474 507 1533 qua
555 1476 656 1519 vos
717 1461 886 1534 estis,
946 1477 1016 1518 ex
1061 1459 1270 1532 quibus
1314 1456 1491 1517 rebus
1536 1458 1783 1516 maxime
1828 1475 1925 1517 res
1968 1459 2205 1532 publica
2244 1460 2501 1536 laborat,
2539 1462 2590 1517 iis

390 1548 639 1607 maxime
704 1548 929 1607 mederi
1010 1547 1292 1606 convenit.
1409 1545 1684 1604 Vestrum
1743 1562 1912 1604 nemo
1974 1553 2064 1606 est
2120 1547 2261 1620 quin
2303 1549 2591 1622 intellegat

389 1636 668 1709 populum
711 1636 1034 1696 Romanum
1052 1680 1067 1709 ,
1126 1634 1225 1707 qui
1267 1633 1560 1706 quondam
1599 1633 1662 1691 in
1707 1633 1901 1693 hostes
1946 1635 2276 1694 lenissimus
2322 1638 2594 1695 existima-

391 1723 582 1798 batur,
628 1724 735 1782 hoc
781 1709 1041 1797 tempore
1088 1722 1408 1781 domestica
1451 1721 1801 1780 crudelitate
1844 1722 2129 1782 laborare.
2218 1723 2387 1783 Hanc
2434 1726 2592 1785 tollite

391 1827 462 1869 ex
509 1812 743 1871 civitate
763 1856 778 1886 ,
839 1811 1062 1870 iudices
1080 1856 1095 1885 ,
1152 1811 1306 1868 hanc
1361 1810 1485 1883 pati
1537 1809 1718 1868 nolite
1767 1810 1984 1869 diutius
2017 1811 2079 1869 in
2119 1810 2229 1869 hac
2271 1830 2339 1872 re
2381 1815 2593 1887 publica

386 1899 636 1972 versari3
697 1916 848 1972 quae
909 1916 1025 1957 non
1076 1897 1244 1957 modo
1297 1897 1360 1955 id
1408 1896 1589 1955 habet
1646 1898 1709 1955 in
1768 1913 1831 1955 se
1894 1900 2064 1973 mali,
2128 1899 2281 1972 quod
2327 1906 2415 1960 tot
2461 1903 2592 1959 cives

388 1988 745 2047 atrocissime
800 1987 1069 2060 sustulit,
1148 2002 1351 2044 verum
1404 1986 1579 2044 etiam
1641 1985 1972 2045 hominibus
2026 1987 2338 2046 lenissimis
2399 1989 2592 2049 ademit

387 2075 838 2133 misericordiam
896 2073 1317 2133 consuetudine
1373 2074 1875 2132 incommodorum.
1976 2075 2123 2133 Nam
2170 2093 2303 2133 cum
2348 2078 2593 2137 omnibus

386 2162 544 2222 horis
599 2161 821 2236 aliquid
883 2162 1160 2222 atrociter
1213 2158 1343 2220 fieri
1399 2161 1660 2221 videmus
1732 2167 1836 2221 aut
1908 2163 2207 2238 audimuS,
2277 2165 2458 2225 etiam
2513 2165 2591 2240 qui

385 2255 599 2309 natura
639 2252 928 2310 mitissimi
974 2267 1200 2324 sumus,
1263 2249 1618 2309 adsiduitate
1664 2251 2064 2310 molestiarum
2103 2268 2337 2310 sensum
2383 2271 2591 2314 omnem

386 2337 764 2397 humanitatis
812 2356 883 2398 ex
929 2339 1135 2398 animis
1181 2337 1517 2397 amittimus.

345 2646 349 2649 ,
564 2589 616 2655 l)
655 2587 746 2641 Sic
782 2588 944 2641 Halm
971 2586 1136 2641 Codd.
1174 2586 1403 2639 ewndem
1437 2601 1576 2651 rem,
1616 2587 1702 2639 vel
1738 2586 1815 2639 ad
1846 2588 2074 2641 eandem
2109 2605 2236 2643 rem.
2382 2592 2438 2660 2)
2475 2596 2593 2644 esset

385 2657 610 2713 Rinkes:
650 2663 732 2711 est
766 2656 918 2713 codd.
1103 2659 1157 2726 3)
1196 2662 1484 2711 ventwram
1521 2657 1698 2710 Halm.
