<?xml version="1.0" encoding="UTF-8"?>
<!DOCTYPE html PUBLIC "-//W3C//DTD XHTML 1.0 Transitional//EN"
    "http://www.w3.org/TR/xhtml1/DTD/xhtml1-transitional.dtd">
<html xmlns="http://www.w3.org/1999/xhtml" xml:lang="en" lang="en">
 <head>
  <title>
</title>
<meta http-equiv="Content-Type" content="text/html;charset=utf-8" />
  <meta name='ocr-system' content='tesseract 3.04.00' />
  <meta name='ocr-capabilities' content='ocr_page ocr_carea ocr_par ocr_line ocrx_word'/>
</head>
<body>
  <div class='ocr_page' id='page_1' title='image "./orationesselect02cicegoog_0117.png"; bbox 0 0 2669 4354; ppageno 0'>
   <div class='ocr_carea' id='block_1_1' title="bbox 732 239 2258 298">
    <p class='ocr_par' dir='ltr' id='par_1_1' title="bbox 732 239 2258 298">
     <span class='ocr_line' id='line_1_1' title="bbox 732 239 2258 298; baseline 0.003 -6"><span class='ocrx_word' id='word_1_1' title='bbox 732 251 951 292; x_wconf 71' lang='lat' dir='ltr'>onAT1o</span> <span class='ocrx_word' id='word_1_2' title='bbox 988 252 1069 291; x_wconf 71' lang='grc' dir='ltr'>Π.</span> <span class='ocrx_word' id='word_1_3' title='bbox 1115 251 1183 290; x_wconf 76' lang='lat' dir='ltr'>m</span> <span class='ocrx_word' id='word_1_4' title='bbox 1223 251 1575 292; x_wconf 50' lang='lat' dir='ltr'>effluimus.</span> <span class='ocrx_word' id='word_1_5' title='bbox 2135 239 2258 298; x_wconf 83' lang='lat'>105</span> 
     </span>
    </p>
   </div>
   <div class='ocr_carea' id='block_1_2' title="bbox 76 428 2328 3583">
    <p class='ocr_par' dir='ltr' id='par_1_2' title="bbox 76 428 2328 3583">
     <span class='ocr_line' id='line_1_2' title="bbox 86 428 2265 502; baseline 0.001 -17"><span class='ocrx_word' id='word_1_6' title='bbox 86 445 199 486; x_wconf 89' lang='lat' dir='ltr'>num</span> <span class='ocrx_word' id='word_1_7' title='bbox 235 445 299 487; x_wconf 89' lang='lat' dir='ltr'>ex</span> <span class='ocrx_word' id='word_1_8' title='bbox 342 429 526 487; x_wconf 91' lang='lat' dir='ltr'>caede</span> <span class='ocrx_word' id='word_1_9' title='bbox 580 428 932 501; x_wconf 89' lang='lat' dir='ltr'>miserrima,</span> <span class='ocrx_word' id='word_1_10' title='bbox 990 429 1266 502; x_wconf 83' lang='lat' dir='ltr'>coniuges</span> <span class='ocrx_word' id='word_1_11' title='bbox 1317 428 1651 502; x_wconf 89' lang='lat' dir='ltr'>liberosque</span> <span class='ocrx_word' id='word_1_12' title='bbox 1703 432 1931 488; x_wconf 85' lang='lat' dir='ltr'>vestros</span> <span class='ocrx_word' id='word_1_13' title='bbox 1984 430 2265 502; x_wconf 81' lang='lat' dir='ltr'>virgines-</span> 
     </span>
     <span class='ocr_line' id='line_1_3' title="bbox 86 514 2264 592; baseline 0.001 -18"><span class='ocrx_word' id='word_1_14' title='bbox 86 534 177 589; x_wconf 90' lang='lat' dir='ltr'>que</span> <span class='ocrx_word' id='word_1_15' title='bbox 226 517 483 576; x_wconf 81' lang='lat' dir='ltr'>Vestales</span> <span class='ocrx_word' id='word_1_16' title='bbox 535 532 606 575; x_wconf 86' lang='lat' dir='ltr'>ex</span> <span class='ocrx_word' id='word_1_17' title='bbox 668 514 1042 574; x_wconf 87' lang='lat' dir='ltr'>acerbissima</span> <span class='ocrx_word' id='word_1_18' title='bbox 1100 516 1406 575; x_wconf 86' lang='lat' dir='ltr'>vexatione</span> <span class='ocrx_word' id='word_1_19' title='bbox 1420 561 1435 591; x_wconf 89' lang='lat'>,</span> <span class='ocrx_word' id='word_1_20' title='bbox 1500 517 1717 589; x_wconf 89' lang='lat' dir='ltr'>templa</span> <span class='ocrx_word' id='word_1_21' title='bbox 1775 524 1948 590; x_wconf 90' lang='lat' dir='ltr'>atque</span> <span class='ocrx_word' id='word_1_22' title='bbox 2001 518 2264 592; x_wconf 89' lang='lat' dir='ltr'>delubra,</span> 
     </span>
     <span class='ocr_line' id='line_1_4' title="bbox 84 604 2265 678; baseline 0.001 -17"><span class='ocrx_word' id='word_1_23' title='bbox 84 606 208 663; x_wconf 86' lang='lat' dir='ltr'>hane</span> <span class='ocrx_word' id='word_1_24' title='bbox 268 605 715 678; x_wconf 82' lang='lat' dir='ltr'>pulcherrimam</span> <span class='ocrx_word' id='word_1_25' title='bbox 788 604 1038 676; x_wconf 89' lang='lat' dir='ltr'>patriam</span> <span class='ocrx_word' id='word_1_26' title='bbox 1111 606 1367 662; x_wconf 92' lang='lat' dir='ltr'>omnium</span> <span class='ocrx_word' id='word_1_27' title='bbox 1444 610 1701 663; x_wconf 90' lang='lat' dir='ltr'>nostrum</span> <span class='ocrx_word' id='word_1_28' title='bbox 1786 621 1858 663; x_wconf 85' lang='lat' dir='ltr'>ex</span> <span class='ocrx_word' id='word_1_29' title='bbox 1929 604 2265 664; x_wconf 87' lang='lat' dir='ltr'>foedissima</span> 
     </span>
     <span class='ocr_line' id='line_1_5' title="bbox 83 691 2264 767; baseline 0 -16"><span class='ocrx_word' id='word_1_30' title='bbox 83 693 301 767; x_wconf 79' lang='lat' dir='ltr'>flamma,</span> <span class='ocrx_word' id='word_1_31' title='bbox 345 697 528 751; x_wconf 86' lang='lat' dir='ltr'>totam</span> <span class='ocrx_word' id='word_1_32' title='bbox 568 693 798 750; x_wconf 90' lang='lat' dir='ltr'>Italiam</span> <span class='ocrx_word' id='word_1_33' title='bbox 845 708 917 749; x_wconf 87' lang='lat' dir='ltr'>ex</span> <span class='ocrx_word' id='word_1_34' title='bbox 961 691 1116 751; x_wconf 92' lang='lat' dir='ltr'>bello</span> <span class='ocrx_word' id='word_1_35' title='bbox 1161 698 1224 750; x_wconf 93' lang='lat' dir='ltr'>et</span> <span class='ocrx_word' id='word_1_36' title='bbox 1261 692 1533 751; x_wconf 77' lang='lat' dir='ltr'>vastitate</span> <span class='ocrx_word' id='word_1_37' title='bbox 1582 694 1902 766; x_wconf 81' lang='lat' dir='ltr'>eriperem,</span> <span class='ocrx_word' id='word_1_38' title='bbox 1958 708 2264 765; x_wconf 89' lang='lat' dir='ltr'>quaecum-</span> 
     </span>
     <span class='ocr_line' id='line_1_6' title="bbox 83 778 2264 854; baseline 0.001 -17"><span class='ocrx_word' id='word_1_39' title='bbox 83 798 173 853; x_wconf 85' lang='lat' dir='ltr'>que</span> <span class='ocrx_word' id='word_1_40' title='bbox 204 781 335 839; x_wconf 89' lang='lat' dir='ltr'>mihi</span> <span class='ocrx_word' id='word_1_41' title='bbox 378 782 483 839; x_wconf 89' lang='lat' dir='ltr'>uni</span> <span class='ocrx_word' id='word_1_42' title='bbox 526 785 879 853; x_wconf 85' lang='lat' dir='ltr'>proponetur</span> <span class='ocrx_word' id='word_1_43' title='bbox 922 778 1180 854; x_wconf 87' lang='lat' dir='ltr'>fortuna,</span> <span class='ocrx_word' id='word_1_44' title='bbox 1229 780 1519 839; x_wconf 82' lang='lat' dir='ltr'>subeatur.</span> <span class='ocrx_word' id='word_1_45' title='bbox 1609 781 1872 854; x_wconf 79' lang='lat' dir='ltr'>Etenim,</span> <span class='ocrx_word' id='word_1_46' title='bbox 1919 782 1968 840; x_wconf 90' lang='lat' dir='ltr'>si</span> <span class='ocrx_word' id='word_1_47' title='bbox 2011 780 2074 839; x_wconf 92' lang='lat' dir='ltr'>P.</span> <span class='ocrx_word' id='word_1_48' title='bbox 2109 780 2264 840; x_wconf 91' lang='lat' dir='ltr'>Len-</span> 
     </span>
     <span class='ocr_line' id='line_1_7' title="bbox 82 867 2262 941; baseline 0 -16"><span class='ocrx_word' id='word_1_49' title='bbox 82 870 208 927; x_wconf 85' lang='lat' dir='ltr'>tulus</span> <span class='ocrx_word' id='word_1_50' title='bbox 248 887 410 927; x_wconf 91' lang='lat' dir='ltr'>suum</span> <span class='ocrx_word' id='word_1_51' title='bbox 453 885 668 927; x_wconf 93' lang='lat' dir='ltr'>nomen</span> <span class='ocrx_word' id='word_1_52' title='bbox 723 867 993 926; x_wconf 89' lang='lat' dir='ltr'>inductus</span> <span class='ocrx_word' id='word_1_53' title='bbox 1050 884 1087 926; x_wconf 89' lang='lat' dir='ltr'>a</span> <span class='ocrx_word' id='word_1_54' title='bbox 1144 869 1374 926; x_wconf 87' lang='lat' dir='ltr'>vatibus</span> <span class='ocrx_word' id='word_1_55' title='bbox 1428 867 1607 927; x_wconf 88' lang='lat' dir='ltr'>fatale</span> <span class='ocrx_word' id='word_1_56' title='bbox 1670 868 1745 926; x_wconf 91' lang='lat' dir='ltr'>ad</span> <span class='ocrx_word' id='word_1_57' title='bbox 1802 869 2119 941; x_wconf 89' lang='lat' dir='ltr'>perniciem</span> <span class='ocrx_word' id='word_1_58' title='bbox 2173 869 2262 927; x_wconf 91' lang='lat' dir='ltr'>rei</span> 
     </span>
     <span class='ocr_line' id='line_1_8' title="bbox 80 955 2263 1029; baseline 0 -15"><span class='ocrx_word' id='word_1_59' title='bbox 80 957 311 1028; x_wconf 82' lang='lat' dir='ltr'>publicae</span> <span class='ocrx_word' id='word_1_60' title='bbox 356 956 484 1015; x_wconf 88' lang='lat' dir='ltr'>fore</span> <span class='ocrx_word' id='word_1_61' title='bbox 528 957 778 1029; x_wconf 88' lang='lat' dir='ltr'>putavit,</span> <span class='ocrx_word' id='word_1_62' title='bbox 836 972 937 1014; x_wconf 88' lang='lat' dir='ltr'>cur</span> <span class='ocrx_word' id='word_1_63' title='bbox 983 972 1090 1028; x_wconf 86' lang='lat' dir='ltr'>ego</span> <span class='ocrx_word' id='word_1_64' title='bbox 1135 972 1248 1014; x_wconf 94' lang='lat' dir='ltr'>non</span> <span class='ocrx_word' id='word_1_65' title='bbox 1304 957 1494 1014; x_wconf 86' lang='lat' dir='ltr'>laeter</span> <span class='ocrx_word' id='word_1_66' title='bbox 1536 973 1728 1015; x_wconf 93' lang='lat' dir='ltr'>meum</span> <span class='ocrx_word' id='word_1_67' title='bbox 1783 959 2140 1015; x_wconf 91' lang='lat' dir='ltr'>consulatum</span> <span class='ocrx_word' id='word_1_68' title='bbox 2189 955 2263 1015; x_wconf 87' lang='lat' dir='ltr'>ad</span> 
     </span>
     <span class='ocr_line' id='line_1_9' title="bbox 79 1037 2323 1124; baseline 0.003 -23"><span class='ocrx_word' id='word_1_69' title='bbox 79 1046 295 1103; x_wconf 83' lang='lat' dir='ltr'>salutem</span> <span class='ocrx_word' id='word_1_70' title='bbox 363 1045 561 1119; x_wconf 90' lang='lat' dir='ltr'>populi</span> <span class='ocrx_word' id='word_1_71' title='bbox 635 1044 878 1103; x_wconf 91' lang='lat' dir='ltr'>Romani</span> <span class='ocrx_word' id='word_1_72' title='bbox 953 1060 1131 1116; x_wconf 92' lang='lat' dir='ltr'>prope</span> <span class='ocrx_word' id='word_1_73' title='bbox 1161 1037 1211 1124; x_wconf 90' lang='lat'>¹)</span> <span class='ocrx_word' id='word_1_74' title='bbox 1301 1042 1541 1103; x_wconf 88' lang='lat' dir='ltr'>fatalem</span> <span class='ocrx_word' id='word_1_75' title='bbox 1602 1045 1932 1104; x_wconf 81' lang='lat' dir='ltr'>exstitisse?</span> <span class='ocrx_word' id='word_1_76' title='bbox 2051 1043 2260 1118; x_wconf 82' lang='lat' dir='ltr'>Quare,</span> <span class='ocrx_word' id='word_1_77' title='bbox 2281 1041 2323 1108; x_wconf 77' lang='grc'>2</span> 
     </span>
     <span class='ocr_line' id='line_1_10' title="bbox 79 1132 2317 1206; baseline 0.001 -17"><span class='ocrx_word' id='word_1_78' title='bbox 79 1139 249 1205; x_wconf 83' lang='lat' dir='ltr'>patres</span> <span class='ocrx_word' id='word_1_79' title='bbox 313 1134 662 1206; x_wconf 90' lang='lat' dir='ltr'>conscripti,</span> <span class='ocrx_word' id='word_1_80' title='bbox 731 1132 1014 1190; x_wconf 86' lang='lat' dir='ltr'>consulite</span> <span class='ocrx_word' id='word_1_81' title='bbox 1067 1132 1230 1190; x_wconf 87' lang='lat' dir='ltr'>vobis</span> <span class='ocrx_word' id='word_1_82' title='bbox 1247 1177 1263 1206; x_wconf 92' lang='lat'>,</span> <span class='ocrx_word' id='word_1_83' title='bbox 1330 1133 1642 1204; x_wconf 85' lang='lat' dir='ltr'>prospicite</span> <span class='ocrx_word' id='word_1_84' title='bbox 1708 1135 1935 1205; x_wconf 84' lang='lat' dir='ltr'>patriae</span> <span class='ocrx_word' id='word_1_85' title='bbox 1954 1177 1969 1206; x_wconf 96' lang='lat'>,</span> <span class='ocrx_word' id='word_1_86' title='bbox 2030 1149 2261 1191; x_wconf 89' lang='lat' dir='ltr'>conser-</span> <span class='ocrx_word' id='word_1_87' title='bbox 2281 1135 2317 1192; x_wconf 88' lang='lat'><strong>3</strong></span> 
     </span>
     <span class='ocr_line' id='line_1_11' title="bbox 78 1219 2261 1295; baseline 0.001 -19"><span class='ocrx_word' id='word_1_88' title='bbox 78 1228 185 1280; x_wconf 82' lang='lat' dir='ltr'>vate</span> <span class='ocrx_word' id='word_1_89' title='bbox 226 1237 322 1279; x_wconf 90' lang='lat' dir='ltr'>vos</span> <span class='ocrx_word' id='word_1_90' title='bbox 336 1266 352 1295; x_wconf 93' lang='lat'>,</span> <span class='ocrx_word' id='word_1_91' title='bbox 418 1222 725 1294; x_wconf 85' lang='lat' dir='ltr'>coniuges,</span> <span class='ocrx_word' id='word_1_92' title='bbox 785 1220 999 1278; x_wconf 86' lang='lat' dir='ltr'>liberos</span> <span class='ocrx_word' id='word_1_93' title='bbox 1044 1219 1420 1292; x_wconf 82' lang='lat' dir='ltr'>fortunasque</span> <span class='ocrx_word' id='word_1_94' title='bbox 1466 1225 1689 1279; x_wconf 84' lang='lat' dir='ltr'>vestras</span> <span class='ocrx_word' id='word_1_95' title='bbox 1703 1265 1718 1295; x_wconf 89' lang='lat'>,</span> <span class='ocrx_word' id='word_1_96' title='bbox 1774 1220 1969 1294; x_wconf 90' lang='lat' dir='ltr'>populi</span> <span class='ocrx_word' id='word_1_97' title='bbox 2015 1221 2261 1281; x_wconf 89' lang='lat' dir='ltr'>Romani</span> 
     </span>
     <span class='ocr_line' id='line_1_12' title="bbox 78 1305 2322 1382; baseline 0.002 -17"><span class='ocrx_word' id='word_1_98' title='bbox 78 1325 260 1368; x_wconf 90' lang='lat' dir='ltr'>nomen</span> <span class='ocrx_word' id='word_1_99' title='bbox 308 1310 672 1382; x_wconf 84' lang='lat' dir='ltr'>salutemque</span> <span class='ocrx_word' id='word_1_100' title='bbox 717 1305 1036 1381; x_wconf 70' lang='lat' dir='ltr'>defendite,</span> <span class='ocrx_word' id='word_1_101' title='bbox 1088 1309 1228 1366; x_wconf 90' lang='lat' dir='ltr'>mihi</span> <span class='ocrx_word' id='word_1_102' title='bbox 1287 1324 1532 1381; x_wconf 89' lang='lat' dir='ltr'>parcere</span> <span class='ocrx_word' id='word_1_103' title='bbox 1593 1324 1661 1366; x_wconf 93' lang='lat' dir='ltr'>ac</span> <span class='ocrx_word' id='word_1_104' title='bbox 1721 1309 1795 1367; x_wconf 90' lang='lat' dir='ltr'>de</span> <span class='ocrx_word' id='word_1_105' title='bbox 1852 1326 1945 1368; x_wconf 93' lang='lat' dir='ltr'>me</span> <span class='ocrx_word' id='word_1_106' title='bbox 2002 1310 2259 1382; x_wconf 86' lang='lat' dir='ltr'>cogitare</span> <span class='ocrx_word' id='word_1_107' title='bbox 2319 1366 2322 1369; x_wconf 87' lang='lat'>.</span> 
     </span>
     <span class='ocr_line' id='line_1_13' title="bbox 79 1395 2262 1471; baseline 0 -18"><span class='ocrx_word' id='word_1_108' title='bbox 79 1397 310 1455; x_wconf 85' lang='lat' dir='ltr'>desinite.</span> <span class='ocrx_word' id='word_1_109' title='bbox 413 1397 565 1455; x_wconf 91' lang='lat' dir='ltr'>Nam</span> <span class='ocrx_word' id='word_1_110' title='bbox 625 1396 870 1470; x_wconf 89' lang='lat' dir='ltr'>primum</span> <span class='ocrx_word' id='word_1_111' title='bbox 931 1395 1120 1454; x_wconf 91' lang='lat' dir='ltr'>debeo</span> <span class='ocrx_word' id='word_1_112' title='bbox 1177 1411 1415 1468; x_wconf 90' lang='lat' dir='ltr'>sperare</span> <span class='ocrx_word' id='word_1_113' title='bbox 1469 1412 1667 1455; x_wconf 93' lang='lat' dir='ltr'>omnes</span> <span class='ocrx_word' id='word_1_114' title='bbox 1723 1395 1893 1471; x_wconf 90' lang='lat' dir='ltr'>deos,</span> <span class='ocrx_word' id='word_1_115' title='bbox 1972 1396 2069 1469; x_wconf 89' lang='lat' dir='ltr'>qui</span> <span class='ocrx_word' id='word_1_116' title='bbox 2127 1397 2262 1455; x_wconf 87' lang='lat' dir='ltr'>huic</span> 
     </span>
     <span class='ocr_line' id='line_1_14' title="bbox 77 1483 2263 1559; baseline 0.001 -19"><span class='ocrx_word' id='word_1_117' title='bbox 77 1485 185 1542; x_wconf 87' lang='lat' dir='ltr'>urbi</span> <span class='ocrx_word' id='word_1_118' title='bbox 236 1485 600 1559; x_wconf 82' lang='lat' dir='ltr'>praesident,</span> <span class='ocrx_word' id='word_1_119' title='bbox 657 1500 762 1557; x_wconf 85' lang='lat' dir='ltr'>pro</span> <span class='ocrx_word' id='word_1_120' title='bbox 824 1500 892 1542; x_wconf 90' lang='lat' dir='ltr'>eo</span> <span class='ocrx_word' id='word_1_121' title='bbox 954 1483 1093 1541; x_wconf 88' lang='lat' dir='ltr'>mihi</span> <span class='ocrx_word' id='word_1_122' title='bbox 1153 1500 1223 1542; x_wconf 90' lang='lat' dir='ltr'>ac</span> <span class='ocrx_word' id='word_1_123' title='bbox 1283 1500 1540 1558; x_wconf 91' lang='lat' dir='ltr'>mereor,</span> <span class='ocrx_word' id='word_1_124' title='bbox 1603 1485 1894 1543; x_wconf 85' lang='lat' dir='ltr'>relaturos</span> <span class='ocrx_word' id='word_1_125' title='bbox 1950 1500 2077 1542; x_wconf 86' lang='lat' dir='ltr'>esse</span> <span class='ocrx_word' id='word_1_126' title='bbox 2132 1499 2263 1558; x_wconf 87' lang='lat' dir='ltr'>gra-</span> 
     </span>
     <span class='ocr_line' id='line_1_15' title="bbox 80 1571 2265 1646; baseline 0 -17"><span class='ocrx_word' id='word_1_127' title='bbox 80 1573 219 1646; x_wconf 82' lang='lat' dir='ltr'>tiam3</span> <span class='ocrx_word' id='word_1_128' title='bbox 271 1573 483 1631; x_wconf 91' lang='lat' dir='ltr'>deinde</span> <span class='ocrx_word' id='word_1_129' title='bbox 497 1617 512 1646; x_wconf 92' lang='lat'>,</span> <span class='ocrx_word' id='word_1_130' title='bbox 568 1574 617 1631; x_wconf 90' lang='lat' dir='ltr'>si</span> <span class='ocrx_word' id='word_1_131' title='bbox 661 1571 800 1644; x_wconf 89' lang='lat' dir='ltr'>quid</span> <span class='ocrx_word' id='word_1_132' title='bbox 847 1572 1154 1645; x_wconf 86' lang='lat' dir='ltr'>obtigerit,</span> <span class='ocrx_word' id='word_1_133' title='bbox 1203 1588 1389 1644; x_wconf 90' lang='lat' dir='ltr'>aequo</span> <span class='ocrx_word' id='word_1_134' title='bbox 1436 1573 1626 1629; x_wconf 91' lang='lat' dir='ltr'>animo</span> <span class='ocrx_word' id='word_1_135' title='bbox 1669 1577 1987 1645; x_wconf 88' lang='lat' dir='ltr'>paratoque</span> <span class='ocrx_word' id='word_1_136' title='bbox 2031 1574 2265 1631; x_wconf 88' lang='lat' dir='ltr'>moriar.</span> 
     </span>
     <span class='ocr_line' id='line_1_16' title="bbox 76 1659 2265 1734; baseline 0 -17"><span class='ocrx_word' id='word_1_137' title='bbox 76 1659 199 1718; x_wconf 85' lang='lat' dir='ltr'>Nam</span> <span class='ocrx_word' id='word_1_138' title='bbox 250 1676 443 1733; x_wconf 91' lang='lat' dir='ltr'>neque</span> <span class='ocrx_word' id='word_1_139' title='bbox 488 1661 676 1734; x_wconf 90' lang='lat' dir='ltr'>turpis</span> <span class='ocrx_word' id='word_1_140' title='bbox 716 1676 868 1719; x_wconf 89' lang='lat' dir='ltr'>mors</span> <span class='ocrx_word' id='word_1_141' title='bbox 912 1660 1047 1718; x_wconf 86' lang='lat' dir='ltr'>forti</span> <span class='ocrx_word' id='word_1_142' title='bbox 1092 1660 1215 1718; x_wconf 89' lang='lat' dir='ltr'>viro</span> <span class='ocrx_word' id='word_1_143' title='bbox 1260 1664 1455 1733; x_wconf 91' lang='lat' dir='ltr'>potest</span> <span class='ocrx_word' id='word_1_144' title='bbox 1509 1660 1775 1719; x_wconf 90' lang='lat' dir='ltr'>accidere</span> <span class='ocrx_word' id='word_1_145' title='bbox 1821 1676 2010 1732; x_wconf 89' lang='lat' dir='ltr'>neque</span> <span class='ocrx_word' id='word_1_146' title='bbox 2064 1661 2265 1718; x_wconf 90' lang='lat' dir='ltr'>imma-</span> 
     </span>
     <span class='ocr_line' id='line_1_17' title="bbox 76 1747 2263 1822; baseline 0.001 -18"><span class='ocrx_word' id='word_1_147' title='bbox 76 1752 184 1806; x_wconf 87' lang='lat' dir='ltr'>tura</span> <span class='ocrx_word' id='word_1_148' title='bbox 225 1749 514 1809; x_wconf 89' lang='lat' dir='ltr'>consulari</span> <span class='ocrx_word' id='word_1_149' title='bbox 560 1764 748 1821; x_wconf 88' lang='lat' dir='ltr'>neque</span> <span class='ocrx_word' id='word_1_150' title='bbox 795 1749 1010 1806; x_wconf 90' lang='lat' dir='ltr'>misera</span> <span class='ocrx_word' id='word_1_151' title='bbox 1054 1748 1320 1821; x_wconf 84' lang='lat' dir='ltr'>sapienti.</span> <span class='ocrx_word' id='word_1_152' title='bbox 1429 1747 1554 1805; x_wconf 88' lang='lat' dir='ltr'>Nec</span> <span class='ocrx_word' id='word_1_153' title='bbox 1597 1751 1794 1806; x_wconf 87' lang='lat' dir='ltr'>tamen</span> <span class='ocrx_word' id='word_1_154' title='bbox 1841 1765 1947 1822; x_wconf 82' lang='lat' dir='ltr'>ego</span> <span class='ocrx_word' id='word_1_155' title='bbox 1992 1765 2118 1806; x_wconf 90' lang='lat' dir='ltr'>sum</span> <span class='ocrx_word' id='word_1_156' title='bbox 2163 1748 2263 1806; x_wconf 89' lang='lat' dir='ltr'>ille</span> 
     </span>
     <span class='ocr_line' id='line_1_18' title="bbox 76 1831 2266 1915; baseline 0.002 -25"><span class='ocrx_word' id='word_1_157' title='bbox 76 1834 300 1910; x_wconf 74' lang='lat' dir='ltr'>ferreuS,</span> <span class='ocrx_word' id='word_1_158' title='bbox 363 1838 462 1909; x_wconf 90' lang='lat' dir='ltr'>qui</span> <span class='ocrx_word' id='word_1_159' title='bbox 516 1835 715 1895; x_wconf 88' lang='lat' dir='ltr'>fratris</span> <span class='ocrx_word' id='word_1_160' title='bbox 769 1837 1053 1894; x_wconf 88' lang='lat' dir='ltr'>carissimi</span> <span class='ocrx_word' id='word_1_161' title='bbox 1101 1842 1162 1894; x_wconf 93' lang='lat' dir='ltr'>et</span> <span class='ocrx_word' id='word_1_162' title='bbox 1218 1835 1595 1894; x_wconf 84' lang='lat' dir='ltr'>amantissimi</span> <span class='ocrx_word' id='word_1_163' title='bbox 1652 1836 1978 1909; x_wconf 89' lang='lat' dir='ltr'>praesentis</span> <span class='ocrx_word' id='word_1_164' title='bbox 1998 1831 2051 1915; x_wconf 73' lang='lat'>²)</span> <span class='ocrx_word' id='word_1_165' title='bbox 2109 1853 2266 1894; x_wconf 88' lang='lat' dir='ltr'>mae-</span> 
     </span>
     <span class='ocr_line' id='line_1_19' title="bbox 78 1923 2266 1997; baseline -0.001 -15"><span class='ocrx_word' id='word_1_166' title='bbox 78 1940 184 1982; x_wconf 89' lang='lat' dir='ltr'>rore</span> <span class='ocrx_word' id='word_1_167' title='bbox 223 1941 340 1982; x_wconf 93' lang='lat' dir='ltr'>non</span> <span class='ocrx_word' id='word_1_168' title='bbox 403 1940 641 1982; x_wconf 88' lang='lat' dir='ltr'>movear</span> <span class='ocrx_word' id='word_1_169' title='bbox 695 1923 1006 1996; x_wconf 91' lang='lat' dir='ltr'>horumque</span> <span class='ocrx_word' id='word_1_170' title='bbox 1052 1924 1305 1981; x_wconf 91' lang='lat' dir='ltr'>omnium</span> <span class='ocrx_word' id='word_1_171' title='bbox 1359 1923 1638 1997; x_wconf 78' lang='lat' dir='ltr'>lacrimiS,</span> <span class='ocrx_word' id='word_1_172' title='bbox 1688 1940 1724 1982; x_wconf 87' lang='lat' dir='ltr'>a</span> <span class='ocrx_word' id='word_1_173' title='bbox 1766 1924 1969 1996; x_wconf 89' lang='lat' dir='ltr'>quibus</span> <span class='ocrx_word' id='word_1_174' title='bbox 2013 1938 2106 1982; x_wconf 92' lang='lat' dir='ltr'>me</span> <span class='ocrx_word' id='word_1_175' title='bbox 2156 1925 2266 1980; x_wconf 91' lang='lat' dir='ltr'>cir-</span> 
     </span>
     <span class='ocr_line' id='line_1_20' title="bbox 78 2011 2267 2084; baseline 0 -16"><span class='ocrx_word' id='word_1_176' title='bbox 78 2014 403 2071; x_wconf 78' lang='lat' dir='ltr'>cumsessum</span> <span class='ocrx_word' id='word_1_177' title='bbox 471 2013 709 2084; x_wconf 82' lang='lat' dir='ltr'>videtis3</span> <span class='ocrx_word' id='word_1_178' title='bbox 774 2028 965 2084; x_wconf 88' lang='lat' dir='ltr'>neque</span> <span class='ocrx_word' id='word_1_179' title='bbox 1038 2028 1223 2069; x_wconf 88' lang='lat' dir='ltr'>meam</span> <span class='ocrx_word' id='word_1_180' title='bbox 1290 2017 1545 2070; x_wconf 90' lang='lat' dir='ltr'>mentem</span> <span class='ocrx_word' id='word_1_181' title='bbox 1609 2028 1723 2069; x_wconf 91' lang='lat' dir='ltr'>non</span> <span class='ocrx_word' id='word_1_182' title='bbox 1791 2011 2023 2070; x_wconf 92' lang='lat' dir='ltr'>domum</span> <span class='ocrx_word' id='word_1_183' title='bbox 2088 2027 2267 2083; x_wconf 89' lang='lat' dir='ltr'>saepe</span> 
     </span>
     <span class='ocr_line' id='line_1_21' title="bbox 79 2095 2266 2172; baseline 0 -16"><span class='ocrx_word' id='word_1_184' title='bbox 79 2107 284 2159; x_wconf 83' lang='lat' dir='ltr'>revocat</span> <span class='ocrx_word' id='word_1_185' title='bbox 346 2100 681 2159; x_wconf 85' lang='lat' dir='ltr'>examinata</span> <span class='ocrx_word' id='word_1_186' title='bbox 725 2115 868 2157; x_wconf 90' lang='lat' dir='ltr'>uxor</span> <span class='ocrx_word' id='word_1_187' title='bbox 913 2105 974 2158; x_wconf 90' lang='lat' dir='ltr'>et</span> <span class='ocrx_word' id='word_1_188' title='bbox 1019 2099 1248 2157; x_wconf 89' lang='lat' dir='ltr'>abiecta</span> <span class='ocrx_word' id='word_1_189' title='bbox 1292 2106 1452 2158; x_wconf 91' lang='lat' dir='ltr'>metu</span> <span class='ocrx_word' id='word_1_190' title='bbox 1496 2096 1617 2157; x_wconf 91' lang='lat' dir='ltr'>filia</span> <span class='ocrx_word' id='word_1_191' title='bbox 1667 2104 1728 2156; x_wconf 88' lang='lat' dir='ltr'>et</span> <span class='ocrx_word' id='word_1_192' title='bbox 1771 2099 2041 2172; x_wconf 86' lang='lat' dir='ltr'>parvolus</span> <span class='ocrx_word' id='word_1_193' title='bbox 2096 2095 2266 2172; x_wconf 87' lang='lat' dir='ltr'>filius,</span> 
     </span>
     <span class='ocr_line' id='line_1_22' title="bbox 79 2188 2267 2262; baseline 0 -17"><span class='ocrx_word' id='word_1_194' title='bbox 79 2205 219 2259; x_wconf 88' lang='lat' dir='ltr'>quem</span> <span class='ocrx_word' id='word_1_195' title='bbox 267 2190 414 2248; x_wconf 91' lang='lat' dir='ltr'>mihi</span> <span class='ocrx_word' id='word_1_196' title='bbox 459 2189 692 2247; x_wconf 88' lang='lat' dir='ltr'>videtur</span> <span class='ocrx_word' id='word_1_197' title='bbox 744 2189 1016 2262; x_wconf 87' lang='lat' dir='ltr'>amplecti</span> <span class='ocrx_word' id='word_1_198' title='bbox 1065 2205 1160 2246; x_wconf 92' lang='lat' dir='ltr'>res</span> <span class='ocrx_word' id='word_1_199' title='bbox 1203 2190 1438 2261; x_wconf 87' lang='lat' dir='ltr'>publica</span> <span class='ocrx_word' id='word_1_200' title='bbox 1489 2193 1780 2261; x_wconf 88' lang='lat' dir='ltr'>tamquam</span> <span class='ocrx_word' id='word_1_201' title='bbox 1826 2188 2087 2246; x_wconf 91' lang='lat' dir='ltr'>obsidem</span> <span class='ocrx_word' id='word_1_202' title='bbox 2132 2205 2267 2246; x_wconf 95' lang='lat' dir='ltr'>con-</span> 
     </span>
     <span class='ocr_line' id='line_1_23' title="bbox 81 2277 2270 2350; baseline 0 -18"><span class='ocrx_word' id='word_1_203' title='bbox 81 2278 270 2336; x_wconf 86' lang='lat' dir='ltr'>sulatus</span> <span class='ocrx_word' id='word_1_204' title='bbox 317 2278 472 2350; x_wconf 92' lang='lat' dir='ltr'>mei,</span> <span class='ocrx_word' id='word_1_205' title='bbox 532 2292 720 2350; x_wconf 90' lang='lat' dir='ltr'>neque</span> <span class='ocrx_word' id='word_1_206' title='bbox 766 2277 896 2350; x_wconf 86' lang='lat' dir='ltr'>ille,</span> <span class='ocrx_word' id='word_1_207' title='bbox 953 2277 1052 2348; x_wconf 91' lang='lat' dir='ltr'>qui</span> <span class='ocrx_word' id='word_1_208' title='bbox 1098 2282 1440 2349; x_wconf 87' lang='lat' dir='ltr'>exspectans</span> <span class='ocrx_word' id='word_1_209' title='bbox 1484 2277 1653 2333; x_wconf 91' lang='lat' dir='ltr'>huius</span> <span class='ocrx_word' id='word_1_210' title='bbox 1699 2277 1914 2334; x_wconf 90' lang='lat' dir='ltr'>exitum</span> <span class='ocrx_word' id='word_1_211' title='bbox 1974 2277 2093 2334; x_wconf 91' lang='lat' dir='ltr'>diei</span> <span class='ocrx_word' id='word_1_212' title='bbox 2153 2281 2270 2333; x_wconf 86' lang='lat' dir='ltr'>stat</span> 
     </span>
     <span class='ocr_line' id='line_1_24' title="bbox 79 2364 2268 2439; baseline 0.001 -20"><span class='ocrx_word' id='word_1_213' title='bbox 79 2365 126 2421; x_wconf 90' lang='lat' dir='ltr'>in</span> <span class='ocrx_word' id='word_1_214' title='bbox 163 2370 476 2439; x_wconf 90' lang='lat' dir='ltr'>conspectu</span> <span class='ocrx_word' id='word_1_215' title='bbox 522 2381 680 2435; x_wconf 86' lang='lat' dir='ltr'>me0‚</span> <span class='ocrx_word' id='word_1_216' title='bbox 741 2381 937 2437; x_wconf 86' lang='lat' dir='ltr'>gener.</span> <span class='ocrx_word' id='word_1_217' title='bbox 1030 2364 1271 2423; x_wconf 88' lang='lat' dir='ltr'>Moveor</span> <span class='ocrx_word' id='word_1_218' title='bbox 1322 2365 1413 2423; x_wconf 90' lang='lat' dir='ltr'>his</span> <span class='ocrx_word' id='word_1_219' title='bbox 1456 2365 1631 2422; x_wconf 90' lang='lat' dir='ltr'>rebus</span> <span class='ocrx_word' id='word_1_220' title='bbox 1691 2364 1986 2438; x_wconf 79' lang='lat' dir='ltr'>omnibuS,</span> <span class='ocrx_word' id='word_1_221' title='bbox 2047 2364 2151 2423; x_wconf 90' lang='lat' dir='ltr'>sed</span> <span class='ocrx_word' id='word_1_222' title='bbox 2205 2365 2268 2421; x_wconf 90' lang='lat' dir='ltr'>in</span> 
     </span>
     <span class='ocr_line' id='line_1_25' title="bbox 81 2446 2266 2527; baseline 0 -19"><span class='ocrx_word' id='word_1_223' title='bbox 81 2466 184 2509; x_wconf 86' lang='lat' dir='ltr'>eam</span> <span class='ocrx_word' id='word_1_224' title='bbox 238 2460 501 2527; x_wconf 83' lang='lat' dir='ltr'>partem,</span> <span class='ocrx_word' id='word_1_225' title='bbox 574 2458 640 2510; x_wconf 92' lang='lat' dir='ltr'>ut</span> <span class='ocrx_word' id='word_1_226' title='bbox 681 2452 724 2509; x_wconf 91' lang='lat' dir='ltr'>ii</span> <span class='ocrx_word' id='word_1_227' title='bbox 745 2446 798 2526; x_wconf 83' lang='lat'>3)</span> <span class='ocrx_word' id='word_1_228' title='bbox 850 2452 993 2510; x_wconf 87' lang='lat' dir='ltr'>salvi</span> <span class='ocrx_word' id='word_1_229' title='bbox 1054 2453 1168 2510; x_wconf 90' lang='lat' dir='ltr'>sint</span> <span class='ocrx_word' id='word_1_230' title='bbox 1223 2453 1518 2511; x_wconf 87' lang='lat' dir='ltr'>vobiscum</span> <span class='ocrx_word' id='word_1_231' title='bbox 1572 2468 1801 2526; x_wconf 91' lang='lat' dir='ltr'>omnes,</span> <span class='ocrx_word' id='word_1_232' title='bbox 1886 2452 2115 2511; x_wconf 88' lang='lat' dir='ltr'>etiamsi</span> <span class='ocrx_word' id='word_1_233' title='bbox 2174 2467 2266 2509; x_wconf 93' lang='lat' dir='ltr'>me</span> 
     </span>
     <span class='ocr_line' id='line_1_26' title="bbox 79 2540 2268 2615; baseline 0 -19"><span class='ocrx_word' id='word_1_234' title='bbox 79 2541 146 2597; x_wconf 87' lang='lat' dir='ltr'>vis</span> <span class='ocrx_word' id='word_1_235' title='bbox 200 2543 399 2615; x_wconf 88' lang='lat' dir='ltr'>aliqua</span> <span class='ocrx_word' id='word_1_236' title='bbox 459 2541 840 2613; x_wconf 86' lang='lat' dir='ltr'>oppresserit,</span> <span class='ocrx_word' id='word_1_237' title='bbox 927 2541 1120 2612; x_wconf 92' lang='lat' dir='ltr'>potius</span> <span class='ocrx_word' id='word_1_238' title='bbox 1179 2556 1352 2613; x_wconf 89' lang='lat' dir='ltr'>quam</span> <span class='ocrx_word' id='word_1_239' title='bbox 1413 2547 1474 2598; x_wconf 92' lang='lat' dir='ltr'>et</span> <span class='ocrx_word' id='word_1_240' title='bbox 1539 2541 1627 2598; x_wconf 90' lang='lat' dir='ltr'>illi</span> <span class='ocrx_word' id='word_1_241' title='bbox 1703 2545 1763 2598; x_wconf 92' lang='lat' dir='ltr'>et</span> <span class='ocrx_word' id='word_1_242' title='bbox 1827 2556 1933 2598; x_wconf 94' lang='lat' dir='ltr'>nos</span> <span class='ocrx_word' id='word_1_243' title='bbox 1999 2556 2115 2597; x_wconf 92' lang='lat' dir='ltr'>una</span> <span class='ocrx_word' id='word_1_244' title='bbox 2179 2540 2268 2597; x_wconf 91' lang='lat' dir='ltr'>rei</span> 
     </span>
     <span class='ocr_line' id='line_1_27' title="bbox 78 2627 2328 2702; baseline 0 -17"><span class='ocrx_word' id='word_1_245' title='bbox 78 2628 319 2699; x_wconf 89' lang='lat' dir='ltr'>publicae</span> <span class='ocrx_word' id='word_1_246' title='bbox 373 2634 542 2701; x_wconf 90' lang='lat' dir='ltr'>peste</span> <span class='ocrx_word' id='word_1_247' title='bbox 595 2643 921 2701; x_wconf 78' lang='lat' dir='ltr'>pereamus,</span> <span class='ocrx_word' id='word_1_248' title='bbox 1026 2627 1245 2701; x_wconf 82' lang='lat' dir='ltr'>Quare,</span> <span class='ocrx_word' id='word_1_249' title='bbox 1302 2634 1502 2702; x_wconf 89' lang='lat' dir='ltr'>patres</span> <span class='ocrx_word' id='word_1_250' title='bbox 1559 2627 1866 2699; x_wconf 90' lang='lat' dir='ltr'>conscripti</span> <span class='ocrx_word' id='word_1_251' title='bbox 1882 2672 1898 2701; x_wconf 94' lang='lat'>,</span> <span class='ocrx_word' id='word_1_252' title='bbox 1953 2627 2268 2685; x_wconf 90' lang='lat' dir='ltr'>incumbite</span> <span class='ocrx_word' id='word_1_253' title='bbox 2289 2630 2328 2686; x_wconf 88' lang='lat'>4</span> 
     </span>
     <span class='ocr_line' id='line_1_28' title="bbox 80 2714 2268 2789; baseline 0 -18"><span class='ocrx_word' id='word_1_254' title='bbox 80 2715 138 2771; x_wconf 84' lang='lat' dir='ltr'>ad</span> <span class='ocrx_word' id='word_1_255' title='bbox 184 2720 431 2776; x_wconf 89' lang='lat' dir='ltr'>salutem</span> <span class='ocrx_word' id='word_1_256' title='bbox 486 2717 574 2773; x_wconf 92' lang='lat' dir='ltr'>rei</span> <span class='ocrx_word' id='word_1_257' title='bbox 630 2716 897 2789; x_wconf 88' lang='lat' dir='ltr'>publicae</span> <span class='ocrx_word' id='word_1_258' title='bbox 915 2760 930 2788; x_wconf 92' lang='lat'>,</span> <span class='ocrx_word' id='word_1_259' title='bbox 996 2716 1423 2789; x_wconf 90' lang='lat' dir='ltr'>circumspicite</span> <span class='ocrx_word' id='word_1_260' title='bbox 1486 2732 1687 2774; x_wconf 90' lang='lat' dir='ltr'>omnes</span> <span class='ocrx_word' id='word_1_261' title='bbox 1743 2714 2058 2789; x_wconf 86' lang='lat' dir='ltr'>procellas,</span> <span class='ocrx_word' id='word_1_262' title='bbox 2121 2730 2268 2787; x_wconf 90' lang='lat' dir='ltr'>quae</span> 
     </span>
     <span class='ocr_line' id='line_1_29' title="bbox 79 2798 2271 2883; baseline 0 -25"><span class='ocrx_word' id='word_1_263' title='bbox 79 2803 423 2878; x_wconf 91' lang='lat' dir='ltr'>impendent,</span> <span class='ocrx_word' id='word_1_264' title='bbox 489 2804 600 2861; x_wconf 89' lang='lat' dir='ltr'>nisi</span> <span class='ocrx_word' id='word_1_265' title='bbox 643 2804 970 2876; x_wconf 82' lang='lat' dir='ltr'>providetis,</span> <span class='ocrx_word' id='word_1_266' title='bbox 1075 2804 1205 2862; x_wconf 92' lang='lat' dir='ltr'>Non</span> <span class='ocrx_word' id='word_1_267' title='bbox 1251 2804 1339 2862; x_wconf 91' lang='lat' dir='ltr'>Ti.</span> <span class='ocrx_word' id='word_1_268' title='bbox 1394 2803 1720 2876; x_wconf 87' lang='lat' dir='ltr'>Gracchus,</span> <span class='ocrx_word' id='word_1_269' title='bbox 1765 2803 1920 2876; x_wconf 83' lang='lat' dir='ltr'>quod</span> <span class='ocrx_word' id='word_1_270' title='bbox 1942 2798 1998 2883; x_wconf 74' lang='lat'>⁴²)</span> <span class='ocrx_word' id='word_1_271' title='bbox 2057 2804 2271 2861; x_wconf 90' lang='lat' dir='ltr'>iterum</span> 
     </span>
     <span class='ocr_line' id='line_1_30' title="bbox 80 2885 2272 2970; baseline 0 -24"><span class='ocrx_word' id='word_1_272' title='bbox 80 2893 317 2951; x_wconf 86' lang='lat' dir='ltr'>tribunus</span> <span class='ocrx_word' id='word_1_273' title='bbox 378 2891 569 2965; x_wconf 92' lang='lat' dir='ltr'>plebis</span> <span class='ocrx_word' id='word_1_274' title='bbox 629 2889 757 2950; x_wconf 92' lang='lat' dir='ltr'>fieri</span> <span class='ocrx_word' id='word_1_275' title='bbox 802 2891 1007 2964; x_wconf 89' lang='lat' dir='ltr'>voluit,</span> <span class='ocrx_word' id='word_1_276' title='bbox 1068 2909 1185 2950; x_wconf 90' lang='lat' dir='ltr'>non</span> <span class='ocrx_word' id='word_1_277' title='bbox 1242 2891 1302 2951; x_wconf 87' lang='lat' dir='ltr'>C.</span> <span class='ocrx_word' id='word_1_278' title='bbox 1351 2890 1671 2964; x_wconf 80' lang='lat' dir='ltr'>GracchuS,</span> <span class='ocrx_word' id='word_1_279' title='bbox 1727 2891 1880 2963; x_wconf 91' lang='lat' dir='ltr'>quod</span> <span class='ocrx_word' id='word_1_280' title='bbox 1898 2885 1951 2970; x_wconf 79' lang='lat'>⁴)</span> <span class='ocrx_word' id='word_1_281' title='bbox 2011 2891 2272 2964; x_wconf 86' lang='lat' dir='ltr'>agrarios</span> 
     </span>
     <span class='ocr_line' id='line_1_31' title="bbox 81 2974 2272 3055; baseline 0 -21"><span class='ocrx_word' id='word_1_282' title='bbox 81 2982 351 3039; x_wconf 85' lang='lat' dir='ltr'>concitare</span> <span class='ocrx_word' id='word_1_283' title='bbox 401 2985 641 3038; x_wconf 90' lang='lat' dir='ltr'>conatus</span> <span class='ocrx_word' id='word_1_284' title='bbox 689 2985 804 3050; x_wconf 90' lang='lat' dir='ltr'>est,</span> <span class='ocrx_word' id='word_1_285' title='bbox 861 2995 977 3037; x_wconf 93' lang='lat' dir='ltr'>non</span> <span class='ocrx_word' id='word_1_286' title='bbox 1022 2980 1087 3039; x_wconf 90' lang='lat' dir='ltr'>L.</span> <span class='ocrx_word' id='word_1_287' title='bbox 1136 2979 1506 3053; x_wconf 87' lang='lat' dir='ltr'>Saturninus,</span> <span class='ocrx_word' id='word_1_288' title='bbox 1552 2979 1703 3053; x_wconf 91' lang='lat' dir='ltr'>quod</span> <span class='ocrx_word' id='word_1_289' title='bbox 1723 2974 1780 3055; x_wconf 76' lang='lat'>⁴)</span> <span class='ocrx_word' id='word_1_290' title='bbox 1829 2977 1890 3037; x_wconf 87' lang='lat' dir='ltr'>C.</span> <span class='ocrx_word' id='word_1_291' title='bbox 1934 2979 2272 3038; x_wconf 91' lang='lat' dir='ltr'>Memmium</span> 
     </span>
     <span class='ocr_line' id='line_1_32' title="bbox 81 3064 2273 3142; baseline 0 -20"><span class='ocrx_word' id='word_1_292' title='bbox 81 3067 293 3142; x_wconf 88' lang='lat' dir='ltr'>occidit,</span> <span class='ocrx_word' id='word_1_293' title='bbox 359 3070 421 3125; x_wconf 93' lang='lat' dir='ltr'>in</span> <span class='ocrx_word' id='word_1_294' title='bbox 468 3067 779 3126; x_wconf 89' lang='lat' dir='ltr'>discrimen</span> <span class='ocrx_word' id='word_1_295' title='bbox 826 3067 1056 3139; x_wconf 91' lang='lat' dir='ltr'>aliquod</span> <span class='ocrx_word' id='word_1_296' title='bbox 1119 3073 1291 3140; x_wconf 85' lang='lat' dir='ltr'>atque</span> <span class='ocrx_word' id='word_1_297' title='bbox 1353 3069 1415 3125; x_wconf 91' lang='lat' dir='ltr'>in</span> <span class='ocrx_word' id='word_1_298' title='bbox 1458 3072 1685 3126; x_wconf 88' lang='lat' dir='ltr'>vestrae</span> <span class='ocrx_word' id='word_1_299' title='bbox 1742 3067 2070 3126; x_wconf 89' lang='lat' dir='ltr'>severitatis</span> <span class='ocrx_word' id='word_1_300' title='bbox 2125 3064 2273 3123; x_wconf 91' lang='lat' dir='ltr'>iudi-</span> 
     </span>
     <span class='ocr_line' id='line_1_33' title="bbox 82 3154 2272 3229; baseline 0.001 -20"><span class='ocrx_word' id='word_1_301' title='bbox 82 3155 211 3212; x_wconf 85' lang='lat' dir='ltr'>cium</span> <span class='ocrx_word' id='word_1_302' title='bbox 252 3156 590 3228; x_wconf 82' lang='lat' dir='ltr'>adducitur3</span> <span class='ocrx_word' id='word_1_303' title='bbox 633 3160 910 3214; x_wconf 90' lang='lat' dir='ltr'>tenentur</span> <span class='ocrx_word' id='word_1_304' title='bbox 949 3157 1017 3228; x_wconf 92' lang='lat' dir='ltr'>ii,</span> <span class='ocrx_word' id='word_1_305' title='bbox 1063 3156 1162 3228; x_wconf 91' lang='lat' dir='ltr'>qui</span> <span class='ocrx_word' id='word_1_306' title='bbox 1209 3155 1281 3213; x_wconf 89' lang='lat' dir='ltr'>ad</span> <span class='ocrx_word' id='word_1_307' title='bbox 1323 3154 1484 3213; x_wconf 90' lang='lat' dir='ltr'>urbis</span> <span class='ocrx_word' id='word_1_308' title='bbox 1511 3155 1870 3229; x_wconf 90' lang='lat' dir='ltr'>incendium,</span> <span class='ocrx_word' id='word_1_309' title='bbox 1918 3154 1991 3213; x_wconf 87' lang='lat' dir='ltr'>ad</span> <span class='ocrx_word' id='word_1_310' title='bbox 2022 3160 2272 3212; x_wconf 89' lang='lat' dir='ltr'>vestram</span> 
     </span>
     <span class='ocr_line' id='line_1_34' title="bbox 80 3242 2272 3318; baseline 0 -20"><span class='ocrx_word' id='word_1_311' title='bbox 80 3245 309 3301; x_wconf 90' lang='lat' dir='ltr'>omnium</span> <span class='ocrx_word' id='word_1_312' title='bbox 368 3244 638 3318; x_wconf 87' lang='lat' dir='ltr'>caedem,</span> <span class='ocrx_word' id='word_1_313' title='bbox 693 3245 768 3303; x_wconf 92' lang='lat' dir='ltr'>ad</span> <span class='ocrx_word' id='word_1_314' title='bbox 814 3242 1123 3302; x_wconf 86' lang='lat' dir='ltr'>Catilinam</span> <span class='ocrx_word' id='word_1_315' title='bbox 1180 3242 1577 3315; x_wconf 89' lang='lat' dir='ltr'>accipiendum</span> <span class='ocrx_word' id='word_1_316' title='bbox 1622 3243 1842 3302; x_wconf 86' lang='lat' dir='ltr'>Romae</span> <span class='ocrx_word' id='word_1_317' title='bbox 1901 3243 2272 3315; x_wconf 70' lang='lat' dir='ltr'>restiterunt,</span> 
     </span>
     <span class='ocr_line' id='line_1_35' title="bbox 82 3331 2274 3406; baseline 0.001 -22"><span class='ocrx_word' id='word_1_318' title='bbox 82 3334 333 3390; x_wconf 87' lang='lat' dir='ltr'>tenentur</span> <span class='ocrx_word' id='word_1_319' title='bbox 390 3333 653 3403; x_wconf 86' lang='lat' dir='ltr'>litterae,</span> <span class='ocrx_word' id='word_1_320' title='bbox 718 3333 908 3404; x_wconf 85' lang='lat' dir='ltr'>signa,</span> <span class='ocrx_word' id='word_1_321' title='bbox 968 3346 1170 3388; x_wconf 92' lang='lat' dir='ltr'>manus</span> <span class='ocrx_word' id='word_1_322' title='bbox 1187 3376 1202 3406; x_wconf 90' lang='lat'>,</span> <span class='ocrx_word' id='word_1_323' title='bbox 1265 3331 1513 3403; x_wconf 91' lang='lat' dir='ltr'>denique</span> <span class='ocrx_word' id='word_1_324' title='bbox 1573 3332 1742 3388; x_wconf 90' lang='lat' dir='ltr'>unius</span> <span class='ocrx_word' id='word_1_325' title='bbox 1806 3331 2079 3403; x_wconf 89' lang='lat' dir='ltr'>cuiusque</span> <span class='ocrx_word' id='word_1_326' title='bbox 2140 3346 2274 3387; x_wconf 92' lang='lat' dir='ltr'>con-</span> 
     </span>
     <span class='ocr_line' id='line_1_36' title="bbox 83 3414 2275 3492; baseline 0.002 -21"><span class='ocrx_word' id='word_1_327' title='bbox 83 3414 261 3491; x_wconf 73' lang='lat' dir='ltr'>fessio,</span> <span class='ocrx_word' id='word_1_328' title='bbox 337 3420 726 3479; x_wconf 90' lang='lat' dir='ltr'>sollicitantur</span> <span class='ocrx_word' id='word_1_329' title='bbox 797 3418 1172 3492; x_wconf 83' lang='lat' dir='ltr'>Allobroges,</span> <span class='ocrx_word' id='word_1_330' title='bbox 1263 3420 1503 3478; x_wconf 88' lang='lat' dir='ltr'>servitia</span> <span class='ocrx_word' id='word_1_331' title='bbox 1580 3419 1934 3492; x_wconf 86' lang='lat' dir='ltr'>excitantur,</span> <span class='ocrx_word' id='word_1_332' title='bbox 2025 3416 2275 3476; x_wconf 87' lang='lat' dir='ltr'>Catilina</span> 
     </span>
     <span class='ocr_line' id='line_1_37' title="bbox 85 3504 2277 3583; baseline 0.002 -23"><span class='ocrx_word' id='word_1_333' title='bbox 85 3510 404 3583; x_wconf 77' lang='lat' dir='ltr'>accessitur3</span> <span class='ocrx_word' id='word_1_334' title='bbox 460 3508 522 3566; x_wconf 90' lang='lat' dir='ltr'>id</span> <span class='ocrx_word' id='word_1_335' title='bbox 568 3514 658 3565; x_wconf 91' lang='lat' dir='ltr'>est</span> <span class='ocrx_word' id='word_1_336' title='bbox 702 3507 906 3566; x_wconf 90' lang='lat' dir='ltr'>initum</span> <span class='ocrx_word' id='word_1_337' title='bbox 951 3508 1248 3565; x_wconf 89' lang='lat' dir='ltr'>consilium</span> <span class='ocrx_word' id='word_1_338' title='bbox 1261 3552 1278 3582; x_wconf 93' lang='lat'>,</span> <span class='ocrx_word' id='word_1_339' title='bbox 1324 3513 1390 3566; x_wconf 93' lang='lat' dir='ltr'>ut</span> <span class='ocrx_word' id='word_1_340' title='bbox 1430 3504 1753 3566; x_wconf 85' lang='lat' dir='ltr'>interfectis</span> <span class='ocrx_word' id='word_1_341' title='bbox 1798 3507 2062 3566; x_wconf 90' lang='lat' dir='ltr'>omnibus</span> <span class='ocrx_word' id='word_1_342' title='bbox 2107 3523 2277 3565; x_wconf 93' lang='lat' dir='ltr'>nemo</span> 
     </span>
    </p>
   </div>
   <div class='ocr_carea' id='block_1_3' title="bbox 84 3638 469 3652">
    <p class='ocr_par' dir='ltr' id='par_1_3' title="bbox 84 3638 469 3652">
     <span class='ocr_line' id='line_1_38' title="bbox 84 3638 469 3652; baseline 0 702"><span class='ocrx_word' id='word_1_343' title='bbox 84 3638 469 3652; x_wconf 95' lang='lat' dir='ltr'> </span> 
     </span>
    </p>
   </div>
   <div class='ocr_carea' id='block_1_4' title="bbox 86 3707 2296 3903">
    <p class='ocr_par' dir='ltr' id='par_1_4' title="bbox 86 3707 2296 3903">
     <span class='ocr_line' id='line_1_39' title="bbox 206 3707 2296 3777; baseline 0 -17"><span class='ocrx_word' id='word_1_344' title='bbox 206 3710 257 3773; x_wconf 86' lang='lat'>1)</span> <span class='ocrx_word' id='word_1_345' title='bbox 289 3725 462 3776; x_wconf 73' lang='lat' dir='ltr'>prope</span> <span class='ocrx_word' id='word_1_346' title='bbox 497 3708 650 3761; x_wconf 90' lang='lat' dir='ltr'>uncis</span> <span class='ocrx_word' id='word_1_347' title='bbox 688 3708 812 3761; x_wconf 86' lang='lat' dir='ltr'>incl.</span> <span class='ocrx_word' id='word_1_348' title='bbox 850 3708 1143 3762; x_wconf 88' lang='lat' dir='ltr'>Eberhard.</span> <span class='ocrx_word' id='word_1_349' title='bbox 1290 3707 1343 3774; x_wconf 86' lang='lat'>2)</span> <span class='ocrx_word' id='word_1_350' title='bbox 1371 3707 1663 3774; x_wconf 74' lang='lat' dir='ltr'>praesenti</span> <span class='ocrx_word' id='word_1_351' title='bbox 1699 3707 1993 3762; x_wconf 84' lang='lat' dir='ltr'>Eberhard.</span> <span class='ocrx_word' id='word_1_352' title='bbox 2121 3709 2176 3777; x_wconf 87' lang='lat'>3)</span> <span class='ocrx_word' id='word_1_353' title='bbox 2213 3714 2296 3776; x_wconf 49' lang='lat' dir='ltr'>ut,</span> 
     </span>
     <span class='ocr_line' id='line_1_40' title="bbox 86 3774 2279 3903; baseline -0.001 -69"><span class='ocrx_word' id='word_1_354' title='bbox 86 3774 333 3903; x_wconf 48' lang='grc' dir='ltr'>ἰθίχὶἑέὲῐέξ</span> <span class='ocrx_word' id='word_1_355' title='bbox 383 3778 539 3834; x_wconf 88' lang='lat' dir='ltr'>codd.</span> <span class='ocrx_word' id='word_1_356' title='bbox 586 3778 698 3840; x_wconf 75' lang='lat' dir='ltr'>uti,</span> <span class='ocrx_word' id='word_1_357' title='bbox 743 3780 909 3849; x_wconf 87' lang='lat' dir='ltr'>vulgo</span> <span class='ocrx_word' id='word_1_358' title='bbox 956 3784 1036 3833; x_wconf 70' lang='lat' dir='ltr'>ut.</span> <span class='ocrx_word' id='word_1_359' title='bbox 1214 3779 1270 3846; x_wconf 90' lang='lat'>4)</span> <span class='ocrx_word' id='word_1_360' title='bbox 1322 3778 1409 3831; x_wconf 87' lang='lat' dir='ltr'>Sic</span> <span class='ocrx_word' id='word_1_361' title='bbox 1453 3778 1603 3834; x_wconf 89' lang='lat' dir='ltr'>codd.</span> <span class='ocrx_word' id='word_1_362' title='bbox 1650 3778 1864 3849; x_wconf 83' lang='lat' dir='ltr'>optimi3</span> <span class='ocrx_word' id='word_1_363' title='bbox 1915 3779 2137 3848; x_wconf 85' lang='lat' dir='ltr'>Madvig</span> <span class='ocrx_word' id='word_1_364' title='bbox 2183 3778 2279 3846; x_wconf 73' lang='lat' dir='ltr'>qui</span> 
     </span>
    </p>
   </div>
  </div>
 </body>
</html>
