2669 4354
403 227 526 285 168
1175 244 1227 293 Q.
1271 242 1514 286 Ascorm
1559 243 1810 285 Panum

330 423 398 474 14

331 849 397 900 15

337 1340 403 1394 16

339 1905 402 1957 17

340 2256 407 2309 18

342 2678 408 2731 19

337 3242 405 3296 20

337 3593 401 3645 21

451 3101 690 3157 ¹manus,
750 3084 958 3151 collega
997 3083 1139 3146 eiuS,
1188 3086 1428 3150 ereptum
1462 3100 1488 3135 e
1526 3085 1681 3137 domo
1721 3086 1991 3139 triumviri
2028 3103 2232 3139 servum
2273 3088 2459 3140 Miloni
2491 3081 2590 3137 red-
2643 3115 2644 3138 1

536 411 690 463 Inter
724 411 857 463 haec
904 426 1021 462 cum
1062 410 1414 464 crebresceret
1459 427 1639 463 rumor
1674 411 1766 467 Cn.
1805 410 2121 480 Pompeium
2170 411 2340 464 creari
2387 410 2582 464 dictato-

468 497 580 534 rem
629 483 872 548 oportere
922 497 1096 548 neque
1146 481 1306 534 aliter
1356 482 1495 534 mala
1542 482 1779 534 civitatis
1830 482 2006 535 sedari
2057 499 2239 549 posse,
2313 482 2476 534 visum
2518 483 2584 531 est

469 551 820 619 optimatibus
863 551 1037 603 tutius
1073 568 1191 604 esse
1237 567 1357 603 eum
1397 552 1670 604 consulem
1726 553 1839 605 sine
1887 553 2097 620 collega
2142 553 2340 616 creari,
2391 557 2442 605 et
2489 567 2584 603 cum

468 625 700 675 tractata
733 637 795 674 ea
831 638 917 674 res
956 625 1100 674 esset
1136 623 1191 673 in
1231 624 1455 685 senatu,
1494 622 1637 675 facto
1674 622 1731 675 in
1767 623 1839 674 M.
1876 623 2061 675 Bibuli
2098 624 2424 676 sententiam
2460 637 2586 675 sena-

467 696 557 745 tus
608 692 853 745 consulto
913 691 1201 759 Pompeius
1273 693 1342 744 ab
1413 693 1685 758 interrege
1736 692 1846 744 Ser.
1904 693 2140 762 Sulpicio
2188 694 2237 744 V
2289 694 2410 747 Kal.
2454 693 2585 745 Mart.

468 778 651 816 mense
699 762 1030 815 intercalario
1090 762 1273 815 consul
1328 766 1542 815 creatus
1604 765 1688 815 est
1742 762 2035 830 statimque
2090 765 2422 817 consulatum
2474 762 2589 815 iniit.

469 833 678 886 Deinde
716 835 839 900 post
888 832 1027 884 diem
1069 833 1290 885 tertium
1339 831 1402 884 de
1448 833 1661 900 legibus
1710 834 1861 886 novis
1906 833 2141 887 ferendis
2188 835 2426 898 rettulit;
2481 833 2588 885 duas

471 919 533 956 ex
582 906 800 956 senatus
850 903 1091 955 consulto
1144 902 1537 971 promulgavit,
1600 904 1822 956 alteram
1882 903 1946 956 de
2003 905 2079 968 vi,
2143 920 2249 972 qua
2299 902 2588 958 nominatim

471 973 685 1027 caedem
736 974 793 1026 in
829 972 1007 1040 Appia
1046 974 1131 1024 via
1168 972 1368 1025 factam
1406 976 1461 1025 et
1496 974 1797 1026 incendium
1838 974 2016 1027 curiae
2058 978 2113 1027 et
2148 975 2364 1028 domum
2403 975 2474 1026 M.
2508 973 2588 1024 Le·

470 1043 585 1113 pidi
621 1043 907 1111 interregis
935 1045 1299 1110 oppugnatam
1338 1043 1769 1110 comprehendit,
1809 1044 2035 1097 alteram
2074 1044 2138 1097 de
2174 1047 2409 1108 ambitu,
2446 1059 2590 1112 poena

471 1113 719 1179 graviore
769 1117 824 1166 et
875 1113 1048 1166 forma
1103 1112 1420 1166 iudiciorum
1475 1114 1728 1166 breviore.
1826 1115 2069 1183 Utraque
2125 1116 2269 1168 enim
2322 1116 2414 1168 lex
2467 1114 2589 1183 prius

471 1188 637 1236 testes
678 1183 821 1251 dari,
869 1183 1059 1237 deinde
1097 1200 1199 1236 uno
1235 1183 1323 1236 die
1374 1187 1534 1251 atque
1571 1184 1756 1237 eodem
1794 1188 1849 1236 et
1894 1185 1958 1238 ab
1999 1188 2307 1239 accusatore
2348 1189 2403 1238 et
2450 1202 2480 1238 a
2520 1198 2589 1236 reo

476 1254 703 1321 perorari
749 1254 991 1317 iubebat,
1052 1254 1130 1306 ita
1177 1257 1239 1306 ut
1275 1253 1411 1306 duae
1461 1257 1620 1307 horae
1663 1257 1986 1322 accusatori,
2042 1260 2151 1310 tres
2203 1273 2293 1309 reo
2343 1256 2587 1308 darentur.

472 1324 576 1378 His
630 1324 837 1391 legibus
892 1326 1147 1377 obsistere
1203 1324 1275 1376 M.
1334 1324 1545 1378 Caelius
1612 1325 1861 1378 tribunus
1938 1326 2115 1394 plebis
2188 1326 2591 1379 studiosissimus
2643 1340 2644 1345 ¹

474 1395 691 1447 Milonis
751 1397 972 1447 conatus
1030 1397 1139 1458 est,
1187 1393 1328 1462 quod
1367 1398 1422 1446 et
1469 1394 1808 1462 privilegium
1853 1396 2057 1449 diceret
2103 1399 2156 1449 in
2204 1397 2452 1452 Milonem
2488 1393 2592 1447 ferri

477 1464 533 1518 et
569 1465 765 1518 iudicia
806 1465 1164 1532 praecipitari.
1253 1465 1325 1516 Et
1362 1481 1482 1517 cum
1517 1465 1840 1533 pertinacius
1876 1466 2053 1533 legem
2092 1467 2311 1520 Caelius
2347 1469 2590 1532 vitupera·
2643 1490 2644 1541 3

475 1537 583 1597 ret,
645 1551 705 1587 eo
754 1536 1014 1602 processit
1059 1536 1169 1587 irae
1209 1534 1524 1603 PompeiuS,
1588 1540 1649 1589 ut
1692 1535 1914 1602 diceret,
1972 1538 2018 1590 si
2066 1541 2282 1590 coactus
2327 1540 2493 1601 esset,
2548 1551 2591 1586 se
2643 1568 2644 1591 ;

475 1606 637 1658 armis
683 1622 793 1658 rem
846 1606 1115 1672 publicam
1162 1603 1522 1658 defensurum.
1623 1606 1870 1659 Timebat
1915 1610 2095 1660 autem
2131 1608 2421 1675 Pompeius
2457 1606 2591 1659 Milo·
2643 1608 2644 1665 ἦ

475 1691 624 1740 nem,
682 1693 772 1728 seu
817 1676 1007 1729 timere
1045 1692 1101 1727 se
1151 1675 1465 1739 simulabat;
1526 1676 1838 1744 plerumque
1879 1694 1985 1730 non
2037 1678 2186 1730 domi
2238 1694 2364 1731 suae
2420 1677 2509 1730 sed
2548 1676 2590 1726 in

477 1746 645 1799 hortis
704 1746 977 1811 manebat,
1054 1745 1213 1813 idque
1267 1746 1443 1814 ipsum
1505 1745 1562 1797 in
1618 1747 2003 1813 superioribus,
2063 1749 2203 1801 circa
2258 1764 2390 1816 quos
2453 1747 2590 1800 etiam
2643 1792 2644 1797 ,

474 1833 672 1884 magna
709 1833 898 1868 manus
937 1815 1169 1868 militum
1221 1816 1531 1869 excubabat.
1614 1816 1868 1870 Senatum
1922 1834 2131 1886 quoque
2184 1819 2350 1871 semel
2398 1819 2591 1886 repente
2643 1838 2644 1843 ¹

478 1887 758 1939 dimiserat
781 1887 1094 1953 PompeiuS,
1135 1884 1277 1954 quod
1312 1885 1511 1938 diceret
1551 1887 1740 1939 timere
1776 1904 1831 1940 se
1871 1888 2161 1941 adventum
2187 1888 2425 1942 Milonis,
2477 1886 2591 1940 Dein
2643 1888 2644 1903 ¹

477 1958 715 2025 proximo
759 1959 951 2010 senatu
987 1958 1049 2010 P.
1089 1956 1403 2008 Cornificius
1441 1956 1638 2009 ferrum
1674 1958 1929 2011 Milonem
1969 1959 2112 2012 intra
2147 1959 2384 2012 tunicam
2420 1958 2591 2010 habere
2643 2002 2644 2009 ,

477 2029 546 2080 ad
599 2027 769 2080 femur
814 2027 1094 2093 alligatum
1140 2026 1362 2079 dixerat.
1452 2027 1852 2095 Postulaverat‚
1911 2033 1974 2082 ut
2025 2029 2199 2082 femur
2253 2029 2501 2091 nudaret,
2551 2028 2592 2078 et
2643 2058 2644 2097 3

475 2098 567 2151 ille
605 2097 720 2149 sine
758 2113 906 2150 mora
941 2097 1178 2149 tunicam
1215 2097 1435 2150 levarat.
1512 2097 1645 2150 Tum
1685 2098 1759 2152 M.
1800 2099 1982 2153 Cicero
2015 2100 2413 2153 exclamaverat
2439 2097 2592 2150 omnia

477 2168 559 2222 illi
599 2167 798 2221 similia
834 2167 1058 2221 crimina
1095 2185 1240 2229 esse,
1281 2184 1417 2235 quae
1455 2168 1510 2219 in
1549 2167 1802 2222 Milonem
1841 2170 2141 2223 dicerentur
2179 2170 2303 2223 alia.
2643 2174 2644 2236 3

548 2238 755 2291 Deinde
792 2238 851 2290 T.
886 2238 1160 2292 Munatius
1193 2239 1450 2300 Plancu8‚
1502 2240 1749 2293 tribunus
1788 2241 1989 2309 plebis,
2035 2242 2360 2309 produxerat
2394 2242 2445 2293 in
2485 2256 2591 2291 con·
2643 2243 2644 2296 ἐ

477 2309 680 2363 tionem
728 2309 800 2361 M.
855 2309 1140 2362 Aemilium
1186 2309 1583 2374 Philemonem,
1648 2313 1829 2363 notum
1878 2312 2173 2372 hominem,
2240 2313 2483 2365 libertum
2532 2308 2589 2359 M.
2643 2355 2644 2358 ,

479 2378 686 2446 Lepidi.
766 2380 822 2432 Is
880 2396 935 2432 se
981 2380 1190 2432 dicebat
1252 2380 1553 2447 pariterque
1600 2396 1774 2433 secum
1828 2385 2080 2449 quattuor
2126 2382 2324 2436 liberos
2375 2381 2589 2435 homines

478 2451 584 2502 iter
618 2449 872 2502 facientes
914 2450 1302 2519 supervenisse,
1356 2466 1473 2503 cum
1515 2449 1735 2503 Clodius
1775 2452 2124 2514 occideretur,
2177 2455 2257 2514 et,
2308 2455 2373 2506 ob
2409 2452 2458 2505 id
2490 2465 2588 2502 cum
2643 2459 2644 2496 ;

480 2521 929 2587 proclamassent,
977 2522 1225 2589 abreptos
1261 2523 1316 2573 et
1360 2535 1455 2587 per
1491 2519 1625 2573 duos
1674 2538 1888 2575 menses
1931 2524 1987 2575 in
2039 2523 2171 2575 villa
2208 2523 2418 2577 Milonis
2463 2536 2590 2589 prae-

478 2590 652 2643 clusos
689 2590 879 2653 fuisse3
920 2606 1087 2658 eaque
1123 2608 1231 2654 res,
1279 2607 1372 2643 seu
1408 2607 1533 2644 vera
1570 2607 1665 2644 seu
1699 2590 1864 2654 falsa,
1916 2610 2170 2661 magnam
2218 2594 2469 2647 invidiam
2504 2589 2588 2642 Mi·
2643 2597 2644 2600 ’

479 2662 590 2713 loni
638 2665 990 2714 contraxerat.
1087 2661 1333 2727 Itemque
1379 2661 1654 2715 Munatius
1703 2665 1758 2714 et
1800 2664 2114 2731 Pompeius,
2171 2664 2380 2717 tribuni
2426 2660 2589 2731 plebis,

476 2734 530 2785 in
571 2734 745 2784 rostra
782 2732 1140 2798 produxerant
1186 2732 1523 2785 triumvirum
1560 2734 1844 2800 capitalem
1881 2750 2103 2803 eumque
2141 2733 2589 2803 interrogaverant,

479 2819 543 2855 an
595 2802 840 2855 Galatam
881 2802 1100 2855 Milonis
1145 2818 1349 2854 servum
1397 2803 1587 2855 caedes
1637 2803 1919 2856 facientem
1980 2805 2431 2873 deprehendisset.
2507 2801 2588 2855 Ille

479 2873 833 2925 dormientem
874 2873 928 2924 in
967 2873 1192 2925 taberna
1230 2889 1325 2940 pro
1364 2871 1593 2941 fugitivo
1642 2874 1957 2942 prehensum
2005 2879 2059 2928 et
2093 2875 2161 2927 ad
2202 2892 2259 2928 se
2309 2877 2588 2945 perductum
2643 2923 2644 2934 ¹

479 2959 592 2996 esse
630 2942 984 3012 responderat.
1040 2943 1506 2995 Denuntiaverant
1539 2946 1718 2996 tamen
1755 2946 2049 3007 triumviro,
2086 2963 2154 2999 ne
2192 2963 2397 2999 servum
2440 2943 2591 2997 remit·

477 3017 628 3069 teret.
702 3014 807 3069 Sed
844 3016 1060 3081 postera
1097 3014 1182 3066 die
1223 3013 1457 3076 Caelius,
1496 3014 1746 3067 tribunus
1783 3016 1980 3083 plebiS,
2032 3019 2087 3069 et
2123 3016 2183 3079 Q,
2222 3016 2474 3069 Manilius
2506 3013 2587 3067 Cu-

477 3155 741 3208 diderant.
842 3154 1010 3223 Haec,
1077 3154 1177 3206 etsi
1223 3154 1428 3207 nullam
1482 3154 1546 3207 de
1604 3156 1689 3208 his
1745 3156 2052 3209 criminibus
2107 3158 2436 3210 mentionem
2486 3152 2590 3206 fecit
2643 3177 2644 3184 κ

477 3225 693 3289 Cicero,
740 3228 940 3290 tamen,
991 3225 1112 3294 quia
1148 3226 1228 3277 ita
1264 3241 1651 3292 compereram,
1701 3227 1894 3292 putavi
1930 3227 2253 3297 exponenda.
2327 3229 2474 3281 Inter
2502 3222 2587 3292 pri·
2643 3249 2644 3284 ι

475 3311 590 3347 mos
641 3299 696 3348 et
734 3295 795 3360 Q.
830 3296 1118 3361 Pompeius
1166 3298 1219 3348 et
1257 3294 1314 3349 C.
1358 3294 1652 3349 Sallustius
1703 3300 1758 3349 et
1795 3298 1855 3349 T.
1899 3298 2174 3351 Munatius
2213 3299 2468 3359 PlancuS,
2511 3292 2587 3345 tri·
2643 3291 2644 3300 ’

474 3367 602 3419 buni
650 3365 847 3433 plebiS,
897 3366 1290 3419 inimicissimas
1328 3366 1604 3418 contiones
1642 3366 1704 3420 de
1741 3368 1940 3420 Milone
1978 3368 2274 3431 habebant,
2332 3367 2586 3422 invidiosas

477 3437 639 3488 etiam
688 3435 753 3488 de
793 3436 1066 3500 Cicerone,
1123 3437 1262 3504 quod
1308 3436 1563 3489 Milonem
1613 3440 1766 3491 tanto
1806 3438 1986 3492 studio
2024 3438 2358 3503 defenderet;
2403 3439 2585 3501 eratque

474 3506 700 3559 maxima
763 3522 889 3575 pars
945 3506 1310 3559 multitudinis
1366 3506 1577 3559 infensa
1630 3524 1735 3560 non
1802 3510 1971 3561 solum
2027 3510 2244 3577 Miloni,
2318 3509 2404 3563 sed
2455 3506 2584 3559 etiam

475 3579 695 3645 propter
736 3577 971 3630 invisum
1024 3577 1380 3645 patrocinium
1419 3576 1674 3630 Ciceroni.
1761 3579 1961 3633 Postea
2003 3579 2292 3648 Pompeius
2346 3584 2398 3633 et
2439 3575 2584 3631 Sallu·

476 3647 613 3699 stius
660 3648 712 3698 in
755 3648 1058 3714 suspicione
1095 3646 1314 3700 fuerunt
1352 3646 1553 3700 redisse
1603 3648 1656 3699 in
1704 3650 1937 3715 gratiam
1975 3666 2091 3703 cum
2133 3652 2335 3704 Milone
2372 3667 2430 3704 ac
2465 3645 2583 3701 Cice·

475 3734 618 3770 rone.
692 3717 922 3771 Plancus
959 3721 1133 3771 autem
1171 3717 1518 3771 infestissime
1558 3719 1797 3783 perstitit
1841 3723 1999 3788 atque
2046 3722 2099 3772 in
2142 3720 2446 3775 Ciceronem
2481 3731 2582 3783 quo·

477 3805 575 3856 que
611 3788 1017 3842 multitudinem
1049 3790 1358 3857 instigavit3
1406 3788 1503 3841 Cn.
1543 3789 1797 3856 Pompeio
1836 3794 2014 3844 autem
2053 3797 2353 3861 suspectum
2391 3784 2583 3843 faciebat

475 3859 757 3925 Milonem,
799 3858 863 3910 ad
904 3860 1183 3927 perniciem
1220 3860 1330 3911 eius
1368 3860 1664 3927 comparari
1701 3862 1803 3914 vim
1841 3861 2188 3928 vociferatus3
2240 3862 2580 3933 Pompeiusque
