2669 4354
440 229 469 286 1
483 229 517 283 7
525 228 562 285 8
1434 245 1653 286 onAmIo

331 421 414 480 22
432 419 564 476 mei.
654 416 818 488 Quod
861 434 999 476 vero
1044 423 1136 492 te,
1181 417 1246 475 L.
1277 417 1526 491 Domiti,
1573 418 1706 474 huic
1739 418 2063 489 quaestioni
2093 434 2370 490 praeesse
2400 421 2652 483 maxime1

431 507 637 579 voluit,
699 505 844 562 nihil
899 506 1186 579 quaesivit
1246 506 1402 564 aliud
1428 498 1477 583 ¹)
1532 505 1644 564 nisi
1695 505 1974 562 iustitiam
2017 507 2389 580 gravitatem,
2449 500 2652 575 huma-j

431 594 675 652 nitatem
717 591 905 652 fidem.
995 594 1182 667 Tulit,
1230 599 1295 651 ut
1340 594 1702 652 consularem
1731 609 1973 651 necesse
2007 600 2190 651 esset:
2249 595 2452 668 cred0,
2497 595 2652 668 quod*

431 681 759 754 principum
816 699 1018 739 munus
1082 698 1211 740 esse
1268 680 1517 739 ducebat
1571 682 1846 739 resistere
1896 686 1955 739 et
1999 682 2225 740 levitati
2268 683 2622 740 multitudinis

435 772 498 827 et
562 767 921 843 perditorum
988 769 1324 827 temeritati.
1427 769 1519 826 Ex
1585 770 1975 827 consularibus
2036 774 2098 826 te
2161 771 2383 827 creavit
2421 772 2652 844 potissi-3

432 873 616 914 mum:
671 857 920 914 dederas
969 858 1150 931 enim,
1195 872 1366 929 quam
1412 862 1814 915 contemneres
1857 859 2171 930 populares
2215 858 2494 933 insanias,
2530 861 2652 935 iam¹

433 944 507 1002 ab
555 943 955 1003 adulescentia
997 945 1342 1003 documenta
1385 945 1651 1002 maxima.

369 1031 414 1098 9
611 1032 793 1103 Quam
838 1033 910 1091 ob
955 1049 1079 1091 rem
1096 1078 1112 1107 ,
1155 1033 1376 1090 iudices
1395 1077 1410 1105 ,
1456 1037 1519 1090 ut
1567 1032 1873 1105 aliquando
1920 1031 1994 1090 ad
2040 1047 2274 1090 causam
2321 1034 2622 1106 crimenque

332 1125 412 1184 23
432 1118 762 1193 veniamus,
800 1120 849 1178 si
894 1136 1082 1193 neque
1127 1121 1310 1178 omnis
1360 1119 1645 1178 confessio
1691 1118 1834 1177 facti
1880 1123 1971 1179 est
1997 1121 2278 1179 inusitata
2296 1166 2311 1195 ,
2359 1139 2541 1194 neque
2566 1121 2620 1178 de

433 1222 610 1265 causa
652 1212 849 1266 nostra
885 1209 1190 1281 quicquam
1235 1209 1410 1267 aliter
1458 1225 1525 1266 ac
1570 1224 1673 1265 nos
1709 1208 1987 1267 vellemus
2031 1224 2067 1265 a
2097 1214 2308 1266 senatu
2337 1208 2622 1267 iudicatum

433 1299 552 1369 est,
599 1300 661 1354 et
703 1295 856 1353 lator
897 1297 1021 1367 ipse
1067 1296 1247 1370 legis,
1293 1311 1426 1354 eum
1472 1300 1628 1354 esset
1674 1296 2066 1354 controversia
2096 1296 2256 1354 nulla
2287 1295 2435 1355 facti
2455 1343 2469 1371 ,
2510 1297 2622 1354 iuris

431 1387 626 1441 tamen
694 1381 1171 1455 disceptationem
1241 1400 1371 1442 esse
1428 1383 1642 1457 voluit,
1712 1388 1772 1441 et
1832 1383 1888 1441 ei
1947 1384 2086 1441 lecti
2112 1377 2163 1463 2)
2224 1385 2453 1444 iudices
2492 1386 2621 1456 isque

430 1471 797 1544 praepositus
866 1475 956 1529 est
976 1465 1030 1551 8)
1082 1471 1438 1543 quaestioni,
1506 1471 1603 1542 qui
1661 1470 1808 1529 haec
1855 1471 2008 1529 iuste
2069 1472 2483 1546 sapienterque
2538 1472 2624 1530 dis-

431 1563 671 1631 ceptent
688 1551 742 1637 4)
812 1559 1096 1630 reliquum
1157 1564 1279 1632 est,
1345 1557 1594 1631 iudices,
1661 1563 1725 1616 ut
1782 1558 1927 1616 nihil
1987 1559 2103 1616 iam
2163 1576 2458 1631 quaerere
2501 1559 2623 1619 aliud

431 1645 696 1704 debeatis
714 1691 729 1720 ,
777 1646 890 1704 nisi
943 1651 1075 1704 uter
1118 1647 1235 1703 utri
1277 1645 1519 1704 insidias
1559 1642 1786 1704 fecerit.
1877 1646 2042 1717 Quod
2084 1663 2197 1719 quo
2244 1647 2479 1706 facilius
2520 1665 2623 1722 per-

431 1734 656 1807 spicere
721 1735 954 1806 possitis
1022 1735 1377 1807 argumentis
1401 1726 1486 1813 5),
1542 1751 1667 1792 rem
1729 1738 1953 1806 gestam
2012 1734 2169 1792 vobis
2216 1734 2358 1794 dum
2405 1738 2625 1796 breviter

432 1838 681 1896 expon0‚
730 1839 974 1896 quaeso,
1021 1821 1333 1894 diligenter
1379 1821 1679 1879 attendite.

331 1914 413 1974 24
604 1910 670 1969 P.
711 1909 942 1968 Clodius
1003 1926 1133 1967 cum
1189 1910 1486 1967 statuisset
1542 1909 1698 1967 omni
1741 1910 1964 1967 scelere
2010 1909 2072 1965 in
2115 1915 2402 1981 praetura
2446 1925 2622 1969 vexare

431 2014 556 2056 rem
598 1997 886 2072 publicam
932 1997 1268 2070 videretque
1313 1998 1398 2054 ita
1441 2001 1629 2054 tracta
1677 2011 1805 2054 esse
1854 1997 2090 2054 comitia
2134 2012 2289 2054 anno
2339 1998 2623 2071 superiore,

430 2089 496 2143 ut
545 2102 663 2144 non
724 2086 931 2143 multos
986 2100 1216 2143 menses
1259 2089 1598 2158 praeturam
1643 2099 1848 2156 gerere
1894 2089 2116 2157 posset,
2178 2086 2276 2156 qui
2317 2103 2436 2143 non
2478 2087 2622 2144 hono-

430 2173 512 2232 ris
579 2173 819 2246 gradum
881 2177 1206 2247 spectaret,
1274 2177 1340 2231 ut
1406 2173 1615 2247 ceteri,
1683 2171 1788 2229 sed
1844 2176 1905 2229 et
1942 2170 2006 2229 L.
2054 2171 2304 2231 Paulum
2353 2175 2620 2247 conlegam

431 2260 690 2334 effugere
750 2261 951 2336 vellet,
1012 2261 1292 2334 singulari
1348 2260 1561 2319 virtute
1606 2261 1787 2318 civem
1805 2305 1820 2333 ,
1883 2264 1943 2317 et
1989 2276 2199 2317 annum
2245 2262 2533 2335 integrum
2566 2258 2621 2316 ad

430 2347 860 2407 dilacerandam
925 2366 1051 2407 rem
1114 2349 1406 2422 publicam
1475 2353 1816 2422 quaereret,
1841 2403 1855 2417 ,
1885 2348 2075 2405 subito
2141 2349 2385 2422 reliquit
2442 2364 2622 2408 annum

430 2452 596 2493 suum
641 2453 882 2509 seseque
928 2438 989 2494 in
1032 2438 1354 2509 proximum
1393 2452 1607 2495 annum
1634 2428 1686 2514 6)
1717 2436 2039 2508 transtulit,
2086 2452 2203 2493 non
2219 2480 2233 2505 ,
2283 2443 2348 2495 ut
2377 2434 2471 2510 fit,
2514 2436 2622 2494 reli-

430 2524 603 2597 gione
647 2526 870 2598 aliqua,
916 2525 1020 2583 sed
1062 2529 1127 2581 ut
1171 2525 1447 2597 haberet,
1506 2524 1655 2596 quod
1699 2523 1826 2596 ipse
1874 2522 2134 2596 dicebat,
2197 2524 2275 2581 ad
2318 2530 2622 2599 praeturam

429 2612 776 2687 gerendam,
826 2612 936 2670 hoc
981 2616 1072 2671 est
1111 2612 1185 2670 ad
1230 2611 1609 2671 evertendam
1653 2628 1779 2669 rem
1806 2610 2124 2685 publicam,
2168 2612 2409 2684 plenum
2441 2628 2621 2671 annum

328 2702 409 2761 25
429 2705 603 2782 atque
670 2700 975 2773 integrum.
1066 2699 1421 2758 Occurrebat
1482 2699 1539 2757 ei
1592 2715 1854 2757 mancam
1900 2715 1969 2757 ac
2020 2698 2270 2758 debilem
2316 2707 2621 2773 praeturam

429 2788 684 2847 futuram
728 2804 890 2846 suam
935 2789 1168 2847 consule
1212 2787 1467 2861 Milone3
1518 2802 1649 2844 eum
1690 2804 1861 2859 porro
1889 2802 2106 2844 summo
2138 2804 2426 2847 consensu
2457 2785 2621 2862 populi

427 2874 673 2935 Romani
737 2876 1029 2935 consulem
1094 2872 1222 2933 fieri
1282 2875 1532 2933 videbat.
1640 2873 1895 2933 Contulit
1950 2892 2012 2933 se
2071 2874 2147 2932 ad
2204 2877 2329 2935 eius
2380 2876 2620 2948 competi·

428 2970 612 3039 tores,
659 2964 765 3023 sed
808 2965 893 3022 ita
910 3008 925 3037 ,
980 2968 1162 3022 totam
1206 2967 1272 3020 ut
1315 2963 1655 3036 petitionem
1699 2963 1823 3035 ipse
1869 2962 2019 3020 solus
2069 2964 2245 3020 etiam
2294 2965 2490 3022 invitis
2529 2962 2619 3020 illis

427 3052 812 3126 gubernaret,
867 3056 992 3109 tota
1035 3057 1100 3109 ut
1143 3051 1379 3109 comitia
1423 3048 1575 3124 suiS,
1637 3054 1701 3108 ut
1738 3050 2072 3124 dictitabat,
2141 3054 2357 3110 umeris
2407 3053 2621 3109 sustine-

428 3145 551 3201 ret:
609 3138 965 3199 convocabat
1002 3138 1220 3212 tribuS,
1268 3154 1330 3196 se
1378 3137 1817 3211 interponebat,
1874 3136 2156 3196 Collinam
2195 3156 2403 3199 novam
2434 3139 2619 3197 dilectu

426 3228 947 3301 perditissimorum
1009 3227 1216 3284 civium
1286 3226 1706 3284 conscribebat.
1797 3224 2022 3295 Quanto
2077 3226 2178 3284 ille
2235 3229 2404 3299 plura
2445 3228 2620 3285 misce·

426 3317 560 3390 bat,
620 3321 784 3375 tanto
832 3316 928 3374 hic
972 3315 1153 3389 magis
1199 3315 1260 3371 in
1306 3314 1433 3371 dies
1462 3313 1933 3372 convalescebat.
2023 3313 2135 3372 Ubi
2171 3315 2317 3373 vidit
2360 3317 2522 3373 homo
2561 3310 2619 3370 ad

571 3574 624 3642 1)
663 3574 831 3627 Deest
867 3570 1029 3627 aliud
1064 3571 1122 3625 in
1158 3570 1346 3640 paucis
1381 3569 1565 3636 codd.;
1613 3586 1714 3625 om.
1755 3568 2043 3635 Garatoni3
2099 3588 2218 3625 uno.
2257 3573 2382 3627 incl.
2419 3573 2614 3638 Kayser.
2651 3557 2652 3570 ¹

430 3644 484 3714 2)
526 3644 696 3698 Codd.
734 3648 788 3696 et
821 3643 997 3712 electi,
1044 3641 1270 3710 Madvig
1308 3646 1363 3694 et
1412 3641 1533 3695 lecti
1566 3640 1772 3694 iudices
1807 3646 1939 3694 swnt
1984 3642 2164 3710 isque,
2214 3644 2406 3707 Halm,
2455 3641 2541 3695 alii
2578 3642 2615 3689 et

429 3716 478 3769 ei
515 3714 646 3771 lechi.
859 3715 914 3781 3)
952 3718 1030 3766 est
1065 3712 1217 3765 deest
1245 3713 1304 3764 in
1339 3710 1521 3775 codd.;
1568 3711 1689 3764 add.
1728 3710 1909 3766 Orelli.
2121 3713 2177 3779 4)
2218 3712 2307 3767 Sic
2341 3708 2613 3769 Eberhard3
2651 3725 2652 3732 ’

429 3784 857 3909 disceptetdcodd.
1001 3785 1057 3850 5)
1095 3783 1181 3836 Sic
1218 3781 1327 3834 Erf.
1350 3823 1363 3848 ‚
1411 3781 1559 3850 vulg.
1597 3797 1714 3849 ary.
1747 3797 1927 3850 persp.
1954 3798 2019 3849 p.
2199 3784 2254 3852 6)
2292 3798 2495 3837 awmcm
2526 3779 2611 3833 del.

427 3856 668 3913 Eberhar
709 3896 720 3907 .
2651 3871 2652 3904 3
