2669 4354
413 260 496 317 36
1412 276 1631 318 enarro

411 447 597 507 dicam
666 465 855 522 neque
919 465 1032 522 quo
1100 448 1267 506 modo
1339 453 1594 523 taceam,
1653 450 1918 522 reperire
1984 465 2236 522 possum.
2347 449 2411 508 Si
2482 450 2611 507 enim

411 541 607 610 tace0,
664 538 758 596 vel
814 537 1117 595 maximam
1171 542 1400 610 partem
1459 537 1753 610 relinquo,
1810 537 1901 595 sin
1958 541 2152 595 autem
2211 536 2367 612 dice,
2424 554 2611 596 vereor

410 641 486 683 ne
531 642 649 684 non
689 626 789 684 ille
835 626 1016 699 solus,
1062 624 1122 682 id
1168 624 1318 697 quod
1365 625 1440 684 ad
1484 641 1578 684 me
1619 625 1763 683 nihil
1810 625 2047 698 attinet,
2107 624 2208 683 sed
2254 625 2354 683 alii
2401 642 2607 699 quoque

409 713 606 785 plures
651 713 839 771 laesos
883 729 946 770 se
986 727 1115 770 esse
1161 716 1382 787 putent.
1475 711 1731 771 Tametsi
1776 713 1860 770 ita
1901 729 1963 771 se
2006 728 2102 770 res
2136 711 2331 786 habet,
2378 718 2444 771 ut
2491 713 2608 771 mihi
2649 760 2650 789 ζ

408 800 470 857 in
550 816 907 859 communem
983 815 1215 858 causam
1275 804 1563 859 sectorum
1620 800 1926 858 dicendum
1987 799 2133 857 nihil
2186 816 2393 873 magno
2449 817 2606 875 opere

264 891 388 950 125
410 888 698 947 videatur:
779 889 928 946 haec
994 888 1146 946 enim
1226 904 1402 946 causa
1470 904 1620 947 nova
1685 886 1945 962 profecto
2014 892 2074 945 et
2145 888 2456 961 singularis
2524 895 2605 946 est.

407 976 719 1036 Bonorum·
761 975 891 1035 Sex.
948 975 1143 1033 Roscii
1217 981 1444 1048 emptor
1515 981 1603 1035 est
1670 975 2084 1048 Chrysogonus,
2194 975 2452 1034 Primum
2519 977 2604 1034 hoc

406 1064 724 1122 videamus:
796 1064 920 1121 eius
992 1063 1236 1121 hominis
1302 1063 1457 1122 bona
1515 1080 1631 1137 qua
1702 1065 1928 1122 ratione
1993 1064 2303 1122 venierunt
2357 1069 2457 1122 aut
2513 1080 2601 1137 quo

407 1151 574 1210 modo
624 1151 823 1210 venire
877 1153 1226 1223 potuerunt?
1314 1151 1507 1224 Atque
1567 1152 1677 1210 hoc
1728 1168 1843 1209 non
1888 1152 1973 1209 ita
2017 1167 2329 1225 quaeram,
2383 1151 2602 1222 iudiceS,

404 1244 469 1297 ut
511 1237 572 1296 id
616 1238 804 1296 dicam
849 1254 975 1296 esse
1020 1238 1337 1313 indignum,
1379 1240 1624 1298 hominis
1668 1239 1987 1298 innocentis
2018 1239 2171 1298 bona
2197 1241 2429 1299 venisse
2460 1273 2540 1282 —
2567 1240 2600 1296 si

406 1327 561 1384 enim
607 1327 751 1384 haec
796 1324 1097 1385 audaciter
1117 1320 1168 1406 ¹)
1216 1343 1286 1385 ac
1330 1327 1517 1386 libere
1566 1326 1851 1401 dicentur,
1903 1343 2020 1385 non
2064 1325 2175 1386 fuit
2217 1333 2412 1386 tantus
2455 1329 2600 1386 homo

406 1413 536 1473 Sex.
592 1413 832 1473 Roscius
891 1414 953 1472 in
1008 1414 1268 1488 civitate,
1331 1420 1396 1472 ut
1453 1415 1526 1474 de
1572 1432 1642 1474 eo
1687 1415 2044 1489 potissimum
2088 1431 2511 1488 conqueramur
2537 1447 2598 1456 —

404 1519 602 1561 verum
659 1518 769 1576 ego
822 1502 932 1559 hoc
990 1517 1232 1574 quaero:
1295 1503 1393 1575 qui
1447 1508 1759 1575 potuerunt
1810 1503 1923 1561 ista
1967 1503 2093 1576 ipsa
2132 1504 2292 1576 lege,
2351 1520 2502 1576 quae
2543 1503 2596 1561 de

403 1591 819 1663 proscriptione
878 1594 994 1662 est,
1051 1589 1172 1648 sive
1228 1590 1466 1649 Valeria
1522 1596 1612 1650 est
1669 1592 1794 1649 sive
1852 1590 2125 1649 Cornelia
2168 1624 2248 1633 —
2296 1607 2414 1650 non
2471 1593 2596 1651 enim

402 1679 535 1736 novi
592 1695 702 1736 nec
764 1678 882 1736 scio
930 1711 1011 1718 —
1059 1695 1259 1737 verum
1303 1679 1418 1737 ista
1462 1679 1590 1752 ipsa
1634 1679 1764 1751 lege
1805 1678 1955 1738 bona
2000 1678 2130 1737 Sex.
2177 1679 2373 1738 Roscii
2419 1681 2595 1737 venire

260 1774 379 1831 126
401 1767 495 1839 qui
556 1769 902 1839 potuerunt?
1007 1766 1293 1841 Scriptum
1359 1768 1513 1825 enim
1582 1767 1667 1825 ita
1737 1766 1935 1825 dicunt
2005 1784 2161 1841 esse,
2235 1770 2316 1824 ut
2382 1785 2596 1825 eorum

402 1853 584 1912 bona
629 1858 970 1928 veneant,
1022 1855 1153 1929 qui
1193 1855 1641 1928 proscripti
1675 1858 1883 1928 sunt,
1941 1871 2053 1928 quo
2093 1855 2155 1912 in
2198 1871 2440 1914 numero
2486 1857 2593 1915 Sex.

400 1942 638 2001 Roscius
666 1958 781 2000 non
815 1948 927 2001 est:
974 1946 1101 1999 aut
1144 1961 1413 2016 eorum,
1458 1942 1590 2018 qui
1629 1942 1707 1999 in
1755 1943 2358 2001 adversariorum
2395 1962 2595 2016 prae-

399 2030 630 2088 sidiis
678 2031 911 2088 occisi
964 2033 1152 2089 sunt.
1256 2031 1410 2089 Dum
1467 2030 1760 2104 praesidia
1817 2031 1934 2088 ulla
1994 2028 2257 2105 fuerunt,
2317 2032 2380 2089 in
2424 2031 2592 2090 Sullae

398 2117 704 2193 praesidiis
761 2117 893 2175 fuit:
969 2122 1348 2193 posteaquam
1407 2118 1479 2177 ab
1540 2119 1715 2177 armis
1773 2119 2113 2177 recessimus
2134 2112 2185 2201 2)
2202 2164 2217 2195 ,
2276 2120 2338 2177 in
2400 2134 2593 2179 summo

399 2207 515 2265 otio
571 2206 806 2265 rediens
865 2223 901 2265 a
937 2221 1085 2265 cena
1126 2207 1346 2266 Romae
1398 2209 1618 2267 occisus
1659 2212 1764 2266 est.
1854 2208 1914 2267 Si
1967 2209 2130 2282 lege,
2190 2208 2341 2267 bona
2386 2223 2591 2282 quoque

398 2295 529 2368 lege
589 2295 817 2353 venisse
866 2294 1084 2368 fateor3
1152 2295 1239 2353 sin
1286 2301 1483 2355 aut-em
1528 2300 1752 2355 constat
1795 2303 1999 2355 contra
2043 2312 2241 2355 omnes
2286 2313 2403 2355 non
2450 2294 2592 2355 modo

396 2387 628 2440 veteres
684 2383 874 2457 leges,
935 2399 1130 2441 verum
1173 2384 1351 2441 etiam
1396 2400 1572 2443 novas
1616 2386 1866 2443 occisum
1911 2401 2068 2457 esse,
2128 2385 2280 2443 bona
2327 2401 2440 2458 quo
2486 2385 2590 2442 iure

397 2475 500 2528 aut
541 2486 650 2543 quo
694 2471 862 2529 modo
909 2476 1008 2529 aut
1049 2487 1163 2545 qua
1204 2473 1337 2543 lege
1379 2473 1698 2545 venierint,
1744 2488 1978 2545 quaero.

283 2558 378 2623 44
570 2559 639 2616 In
700 2574 871 2631 quem
943 2560 1049 2617 hoc
1108 2558 1323 2633 dicam,
1379 2560 1637 2633 quaeris,
1693 2560 1914 2618 Eruci?
1977 2576 2092 2618 non
2137 2560 2198 2617 in
2245 2578 2403 2633 eum,
2447 2575 2593 2634 quem

252 2651 372 2709 127
395 2645 479 2703 vis
548 2652 610 2705 et
673 2651 868 2720 putas3
935 2663 1069 2705 nam
1124 2647 1340 2706 Sullam
1412 2653 1473 2706 et
1527 2649 1713 2706 oratio
1768 2664 1898 2706 mea
1965 2648 2038 2706 ab
2098 2648 2263 2707 initio
2321 2653 2382 2707 et
2432 2648 2590 2722 ipsius

393 2733 605 2793 eximia
659 2735 838 2793 virtus
883 2736 1039 2793 omni
1082 2740 1344 2812 tempore
1389 2735 1672 2809 purgavit.
1763 2735 1889 2809 Ego
1933 2735 2082 2794 haec
2128 2737 2321 2794 omnia
2366 2734 2590 2809 Chryso·
2639 2779 2640 2804 2

391 2838 604 2896 gonum
665 2820 875 2882 fecisse
935 2822 1093 2898 dico,
1167 2828 1232 2881 ut
1300 2824 1694 2897 ementiretur,
1763 2828 1828 2881 ut
1894 2824 2107 2882 malum
2147 2824 2360 2883 ‚civem
2418 2816 2588 2902 Sex.⁸)
2637 2829 2640 2914 1

389 2910 662 2969 Roscium
716 2910 891 2969 fuisse
946 2909 1221 2984 fingeret,
1290 2916 1358 2969 ut
1406 2928 1536 2970 eum
1581 2910 1732 2984 apud
1776 2910 2140 2970 adversarios
2185 2913 2438 2971 occisum
2483 2926 2589 2971 esse
2639 2925 2640 2972 1

389 2998 644 3073 diceret,
703 3005 769 3057 ut
826 2999 915 3058 his
967 2998 1040 3058 de
1101 2998 1276 3058 rebus
1336 3015 1373 3057 a
1429 2999 1635 3073 legatis
1681 2999 2086 3058 Amerinorum
2132 3000 2330 3059 doceri
2375 3000 2443 3061 L.
2485 2998 2590 3058 Sul·
2639 3007 2640 3058 i

386 3087 501 3144 lam
542 3104 747 3161 passus
791 3104 908 3147 non
953 3088 1044 3146 sit.
1138 3087 1405 3159 Denique
1454 3088 1631 3146 etiam
1675 3087 1818 3146 illud
1864 3089 2138 3161 suspicor,
2185 3089 2416 3146 omnino
2462 3090 2586 3145 haec

387 3174 541 3234 bona
596 3193 710 3235 non
752 3177 1009 3249 venisse,
1067 3174 1127 3232 id
1173 3175 1321 3248 quod
1367 3181 1597 3250 postea,
1654 3175 1703 3233 si
1748 3192 1855 3249 per
1898 3193 2030 3250 VOS,
2076 3176 2323 3250 iudices,
2387 3176 2587 3234 licitum

243 3269 364 3327 128
387 3263 529 3338 erit,
576 3264 890 3337 aperietur.
980 3262 1198 3336 Opinor
1244 3263 1399 3320 enim
1447 3280 1575 3322 esse
1619 3263 1680 3319 in
1725 3264 1886 3338 lege,
1944 3280 2117 3337 quam
2159 3264 2233 3322 ad
2279 3264 2433 3323 diem
2474 3278 2587 3336 pro·

385 3351 724 3424 scriptiones
794 3351 1268 3425 venditionesque
1338 3349 1507 3408 fiant:
1579 3349 1885 3426 [nimirum]
1904 3346 1959 3432 4)
2027 3352 2319 3410 Kalendas
2392 3351 2584 3410 Iunias.

381 3438 619 3511 Aliquot
657 3444 788 3513 post
829 3455 1056 3497 menses
1103 3444 1166 3496 et
1200 3440 1371 3497 homo
1419 3439 1642 3497 occisus
1701 3445 1791 3498 est
1839 3445 1899 3498 et
1942 3440 2096 3499 bona
2137 3441 2367 3499 venisse
2409 3440 2586 3498 dicun-

380 3530 492 3583 tur.
582 3525 850 3585 Profecto
895 3532 994 3585 aut
1041 3527 1188 3586 haec
1234 3526 1389 3585 bona
1433 3527 1495 3584 in
1542 3528 1769 3586 tabulas
1816 3528 2077 3601 publicas
2108 3529 2267 3587 nulla
2306 3528 2586 3587 redierunt

556 3765 608 3831 1)
648 3762 934 3816 audaciter
970 3762 1204 3826 Richter,
1246 3762 1547 3817 audientur
1583 3762 1732 3817 codd.
1988 3762 2042 3829 2)
2081 3767 2415 3816 recesserunt
2450 3754 2582 3812 codd.

376 3833 687 3886 recessimus
722 3832 960 3888 Richter.
1001 3833 1097 3888 cfr.
1136 3836 1166 3904 ξ
1195 3834 1278 3888 16.
1364 3848 1630 3887 recessum
1665 3838 1743 3887 est
1778 3833 1837 3888 C.
1880 3833 2205 3901 Stephanus,
2384 3832 2436 3898 3)
2474 3826 2581 3881 Sese.

377 3904 500 3958 add.
538 3904 776 3958 Richter.
991 3904 1048 3973 4)
1086 3903 1355 3957 nimirum
1393 3905 1496 3960 del.
1533 3904 1713 3958 Halm.
1776 3922 1779 3925 ·
