2669 4354
840 993 1448 1069 (JRATIO
1715 1079 1719 1083 ,

144 1166 1110 1250 IHBIMPERJO
1230 1167 1430 1249 GN
1549 1164 2136 1248 POMPEI

1064 1344 1225 1387 SIVE

437 1483 678 1566 PRO
783 1481 1117 1565 LEGE
1221 1483 1839 1567 MANTLIA

507 1809 1211 1874 ARGVMENTVM
1279 1809 1766 1875 ERNESTII.

40 1960 102 2012 M.
142 1961 372 2014 Aemilio
400 1960 631 2029 Lepido,
670 1961 729 2014 L.
761 1961 1007 2014 Volcatio
1034 1959 1192 2014 Tullo
1220 1959 1409 2014 COSS.
1441 1960 1565 2026 (688
1590 1978 1641 2030 p.
1668 1977 1719 2014 11.
1749 1977 1812 2026 0.,
1849 1961 1917 2016 66
1942 1977 1988 2013 a.
2017 1961 2143 2017 Chr.
2169 1965 2247 2029 n.)

102 2046 213 2083 cum
246 2031 308 2084 L.
350 2031 636 2094 Lucullus,
678 2032 768 2100 qui
807 2031 1174 2100 proconsulari
1222 2031 1447 2098 imperio
1486 2030 1892 2086 administrarat
1928 2048 2092 2102 prope
2128 2050 2249 2102 sep-

102 2103 203 2154 tem
240 2118 413 2156 annos
454 2101 882 2158 Mithridaticum
916 2103 1144 2167 bellum,
1186 2118 1218 2155 a
1252 2104 1445 2155 senatu
1483 2105 1760 2156 revocatus
1796 2102 2022 2155 Romam
2060 2102 2247 2158 rediis-

104 2174 203 2233 set,
263 2172 402 2226 tulit
449 2173 520 2227 ad
568 2173 827 2242 populum
877 2172 936 2228 C.
983 2171 1240 2227 Manilius
1289 2172 1538 2227 tribunus
1584 2172 1784 2241 plebiS,
1837 2175 1900 2226 ut
1954 2172 2069 2227 eius
2116 2175 2247 2230 belli

103 2242 501 2298 administratio
551 2245 804 2312 Pompeio
861 2244 1312 2306 committeretur,
1370 2243 1462 2312 qui
1509 2245 1623 2296 tum
1670 2244 1874 2298 bellum
1917 2245 2246 2300 maritimum

102 2314 330 2378 gerebat.
395 2314 528 2367 Eam
555 2315 891 2382 rogationem
918 2314 1098 2370 Cicero
1124 2317 1341 2382 praetor
1365 2317 1574 2367 creatus
1600 2314 2023 2382 persuadendam
2051 2317 2246 2383 populo

104 2385 355 2453 suscepit,
408 2384 552 2453 quod
597 2386 657 2438 in
700 2385 949 2454 Pompeio
996 2390 1177 2439 omnia
1211 2386 1422 2449 essent,
1476 2399 1611 2452 quae
1645 2384 1713 2438 ad
1752 2385 2046 2452 perfectum
2081 2386 2249 2455 impe·

100 2456 320 2509 ratorem
372 2455 732 2523 pertinerent,
789 2455 1015 2509 scientia
1067 2456 1145 2508 rei
1188 2455 1470 2523 militarie,
1529 2454 1814 2522 fortitudo,
1875 2458 2247 2525 temperantia,

101 2523 350 2589 felicitas,
393 2525 610 2579 reiectis
650 2525 1038 2580 obiectionibus
1064 2526 1345 2579 Hortensii
1385 2529 1440 2578 et
1475 2524 1683 2590 Catuli,
1726 2542 1950 2594 quorum
1979 2527 2116 2580 alter
2141 2545 2249 2580 non

106 2611 214 2649 0000
253 2596 351 2649 uni
392 2597 574 2649 omnia
611 2597 994 2650 committenda
1030 2595 1269 2657 dicebat,
1307 2596 1448 2649 alter
1485 2595 1691 2648 veroin
1718 2612 1820 2648 uno
1847 2596 2063 2650 homine
2091 2613 2250 2667 saepe

103 2680 208 2719 esse
254 2665 675 2734 periclitandam
716 2666 985 2720 fortunam
1033 2665 1270 2734 negabat
1306 2683 1533 2734 eumque
1569 2665 1857 2719 maioribus
1895 2668 1974 2721 rei
2005 2667 2250 2737 publicae

102 2738 427 2805 temporibus
465 2736 669 2791 servari
705 2736 928 2791 volebat.

49 3009 414 3143 Quamquam
497 3069 638 3128 mihi
722 3086 949 3144 semper
1031 3069 1304 3143 frequens
1390 3075 1730 3144 conspectus
1803 3073 1998 3127 vester
2068 3070 2248 3128 multo
2267 3066 2307 3132 1

45 3158 498 3232 iucundissimus,
565 3158 659 3216 hic
726 3163 919 3217 autem
987 3160 1145 3217 100110
1207 3158 1281 3216 ad
1349 3158 1635 3228 agendum
1694 3156 2104 3231 amplissimae,
2174 3157 2248 3216 ad
2272 3162 2304 3219 1

47 3243 336 3305 dicendum
415 3246 817 3305 ornatissimus
892 3252 979 3305 est
1046 3247 1227 3319 visus,
1305 3245 1589 3319 Quirites,
1658 3251 1855 3304 tamen
1914 3246 2024 3320 1100
2088 3245 2249 3303 aditu

46 3332 238 3408 laudis,
297 3335 396 3408 qui
443 3351 673 3408 semper
718 3335 933 3407 optimo
981 3334 1186 3407 cuique
1233 3334 1481 3391 maxime
1540 3334 1761 3407 patuit,
1817 3348 1934 3390 non
1977 3349 2110 3391 mea
2154 3351 2248 3393 me

46 3422 293 3481 voluntas
361 3423 577 3495 adhuc,
659 3422 763 3480 sed
828 3423 983 3481 vitae
1049 3438 1215 3480 meae
1280 3422 1539 3480 rationes
1606 3422 1680 3480 ab
1744 3421 1984 3479 ineunte
2052 3427 2249 3481 aetate

47 3516 332 3583 susceptae
388 3510 824 3584 prohibuerunt.
928 3512 1077 3569 Nam
1141 3526 1271 3568 cum
1331 3514 1507 3568 antea
1545 3526 1652 3582 per
1697 3514 1951 3568 aetatem
1999 3509 2252 3568 nondum

47 3594 198 3656 huius
262 3598 669 3657 auctoritatem
733 3599 848 3657 loci
915 3599 1205 3671 attingere
1265 3597 1543 3656 auderem
1611 3603 2037 3669 statueremque
2105 3598 2248 3656 nihil

47 3682 142 3742 huc
197 3687 313 3744 nisi
370 3686 695 3760 perfectum
752 3688 1017 3760 ingenio,
1080 3686 1443 3744 elaboratum
1498 3685 1783 3744 industria
1822 3684 2038 3744 adferri
2084 3702 2250 3759 opor-

51 3775 194 3847 tere,
253 3791 421 3833 omne
484 3791 675 3832 meum
717 3780 943 3848 tempus
989 3776 1302 3834 amicorum
1347 3773 1702 3847 temporibus
1744 3774 2251 3833 transmittendum

53 3862 243 3928 putavi.
350 3863 443 3920 Ita
503 3878 691 3935 neque
750 3864 845 3922 hic
905 3864 1065 3921 100110
1123 3878 1337 3920 vacuus
1391 3878 1662 3935 umquam
1714 3861 1823 3920 fuit
1867 3861 1939 3919 ab
1983 3862 2085 3935 iis,
2152 3860 2248 3932 qui
2269 3860 2305 3916 2
