2669 4354
2 222 11 535 ι
783 243 896 284 Pno
940 244 991 287 Τ.
1037 242 1229 285 Amo
1273 245 1525 286 monn.
2135 229 2259 287 183

82 419 375 475 consulatus
394 462 409 490 ,
470 417 688 476 fontem
733 434 1049 490 perennem
1095 421 1312 493 gloriae
1356 433 1497 479 suae
1540 421 1809 494 perdidit.
1898 421 2104 493 Itaque
2147 421 2262 479 Mi-

82 506 198 562 lonis
240 506 597 580 consulatuS,
645 507 743 578 qui
787 508 916 564 vivo
963 505 1161 566 Clodio
1205 506 1553 566 labefactari
1584 524 1700 565 non
1728 512 1993 581 poterat,
2034 514 2280 567 mortuo⁴

80 593 292 664 denique
359 595 631 666 temptari
701 600 937 667 coeptus
998 600 1104 653 est.
1192 596 1247 653 Ν
1250 600 1336 652 on'
1381 594 1549 654 modo
1597 596 1778 669 igitur
1822 595 1966 653 nihil
2006 596 2259 670 prodest,

83 680 161 738 sed
200 680 360 738 obest
408 682 582 739 etiam
631 680 821 739 Clodii
865 698 1018 739 mors
1062 683 1287 740 Miloni.

2 792 5 863 ἱ
220 767 322 825 ‘At
381 768 559 825 valuit
614 769 833 842 odium,
895 768 1038 827 fecit
1088 771 1298 843 iratus,
1372 768 1513 827 fecit
1567 770 1834 828 inimicus
1852 814 1866 843 ,
1943 767 2053 827 fuit
2107 771 2261 828 ultor
2282 782 2362 841 35

2 868 3 871 ’
79 855 285 912 iniuriae
304 901 319 929 ,
366 856 600 928 punitor
645 855 857 914 doloris
898 854 1020 914 sui?
1111 856 1300 927 Quid?
1358 858 1407 915 si
1465 857 1643 931 haec,
1704 874 1820 915 non
1865 856 1995 915 dico
2043 858 2262 915 maiora

79 942 277 1001 fuerunt
321 944 385 1001 in
424 942 625 1001 Clodio
664 960 835 1016 quam
876 946 937 1001 in
976 945 1198 1003 Milone
1217 989 1232 1017 ,
1278 945 1383 1002 sed
1427 945 1490 1002 in
1528 945 1626 1002 illo
1670 945 1950 1018 maxima,
1996 945 2158 1002 nulla
2200 945 2262 1002 in

76 1029 182 1101 hoc,
247 1031 387 1102 quid
444 1033 615 1088 voltis
682 1032 926 1104 amplius
943 1035 971 1088 Ῥ
1075 1032 1225 1102 Quid
1287 1033 1443 1089 enim
1503 1032 1720 1090 odisset
1779 1032 2039 1091 Clodium
2095 1029 2262 1103 Milo,

76 1124 299 1188 segetem
346 1135 418 1174 ac
455 1120 756 1177 materiem
801 1135 940 1177 suae
973 1119 1193 1193 gloriae
1214 1164 1229 1192 ,
1274 1126 1510 1192 praeter
1540 1121 1652 1177 hoc
1682 1120 1850 1178 civile
1882 1120 2105 1193 odium,
2151 1136 2263 1192 quo

77 1220 238 1263 omnes
297 1206 591 1280 improbos
646 1206 908 1264 odimus?
994 1207 1104 1264 Ille
1165 1213 1294 1265 erat
1351 1214 1415 1265 ut
1459 1207 1705 1281 odisset,
1772 1208 2020 1280 primum
2062 1205 2261 1266 defen-

75 1308 231 1351 sorem
274 1294 482 1352 salutis
526 1308 692 1351 meae
708 1339 724 1368 ,
774 1293 984 1352 deinde
1032 1300 1365 1353 vexatorem
1403 1293 1614 1352 furoris
1631 1339 1647 1368 ,
1689 1295 2030 1353 domitorem
2076 1310 2264 1353 armo-

76 1396 175 1436 rum
237 1398 498 1455 suorum,
574 1385 868 1455 postremo
928 1382 1106 1440 etiam
1176 1388 1569 1440 accusatorem
1633 1398 1826 1459 suum3
1906 1399 2041 1441 reus
2110 1383 2263 1440 enim

76 1466 274 1526 Milonis
340 1471 477 1541 lege
539 1469 731 1526 Plotia
786 1467 895 1526 fuit
950 1468 1184 1527 Clodius
1204 1514 1219 1542 ,
1287 1469 1475 1542 quoad
1535 1470 1677 1527 vixit
1701 1462 1765 1548 1).
1857 1469 1982 1539 Quo
2028 1471 2264 1528 tandem

77 1556 231 1614 animo
265 1556 376 1614 hoc
419 1562 730 1629 tyrannum
774 1557 935 1614 illum
984 1559 1184 1614 tulisse
1229 1556 1507 1615 creditis?
1561 1562 1837 1629 quantum
1884 1558 2078 1615 odium
2109 1558 2264 1616 illius

5 1610 17 1731 Ι
79 1648 122 1698 et
157 1644 211 1700 in
247 1644 484 1702 homine
511 1640 562 1722 ²)
618 1645 830 1702 iniusto
872 1660 1043 1717 quam
1090 1644 1268 1702 etiam
1315 1645 1529 1702 iustum
1562 1644 1740 1702 fuisse
1762 1647 1790 1701 ‘?

215 1731 523 1804 Reliquum
571 1737 690 1805 est,
750 1738 813 1789 ut
855 1732 974 1789 iam
1015 1733 1175 1789 illum
1199 1726 1251 1810 3)
1312 1737 1523 1790 natura
1561 1732 1745 1804 ipsius
1792 1732 2261 1805 consuetudoque
2281 1738 2371 1803 14

77 1815 341 1893 defendat,
389 1820 547 1876 huno
592 1825 787 1877 autem
829 1819 977 1877 haec
1025 1819 1229 1877 eadem
1276 1823 1592 1892 coarguant
1615 1813 1686 1899 4).
1760 1818 1952 1875 ‘Nihil
1997 1835 2104 1892 per
2148 1821 2264 1877 vim
2285 1831 2366 1890 36

79 1920 311 1977 umquam
359 1907 630 1980 Clodiae,
695 1908 889 1964 omnia
948 1924 1054 1979 per
1106 1908 1222 1964 vim
1273 1902 1464 1964 Milo.’
1564 1907 1755 1977 Quid?
1817 1922 1953 1981 eg0,
2023 1907 2264 1981 iudices,

81 2004 184 2050 cum
231 1994 628 2052 maerentibus
682 1993 845 2052 vobis
889 1995 1036 2052 urbe
1082 1995 1228 2053 cessi
1245 2039 1261 2067 ,
1318 1993 1670 2052 iudiciumne
1728 1993 1930 2051 timui?
1983 2012 2097 2052 non
2144 2012 2266 2053 ser-

81 2094 181 2153 voa,
224 2099 335 2141 non
382 2099 549 2139 arma
567 2126 582 2155 ,
624 2098 738 2138 non
785 2082 938 2139 vim?
1027 2082 1188 2152 Quae
1236 2081 1441 2140 fuisset
1488 2081 1667 2153 igitur
1710 2082 1860 2139 iusta
1892 2096 2067 2140 causa
2095 2082 2265 2141 resti-

10 2170 17 2186 *
82 2169 248 2227 tuendi
309 2171 459 2243 mei,
529 2170 643 2227 nisi
702 2168 909 2228 fuisset
963 2170 1177 2228 iniusta
1238 2168 1534 2229 eiciendi?
1620 2168 1793 2228 Diem
1835 2170 2002 2243 mihi,
2070 2170 2266 2245 cred0,

6 2189 19 2336 ἶ
83 2253 298 2332 dixerat,
343 2259 590 2316 multam
627 2259 960 2331 inrogarat,
1006 2259 1293 2316 actionem
1339 2257 1753 2331 perduellionis
1798 2258 2158 2332 intenderat,
2206 2263 2268 2317 et

8 2339 17 2454 ξ
81 2344 190 2400 mihi
231 2347 511 2404 videlicet
553 2347 615 2402 in
658 2361 834 2403 causa
875 2350 978 2402 aut
1021 2347 1174 2404 mala
1218 2350 1319 2403 aut
1359 2362 1521 2416 mea,
1561 2360 1675 2402 non
1711 2352 1772 2404 et
1801 2347 2269 2417 praeclarissima

10 2455 17 2524 ξ

10 2525 17 2592 l

10 2599 19 2682 l

10 2701 17 2746 l

85 2436 128 2486 et
159 2439 340 2492 vestra
386 2432 667 2491 iudicium
706 2433 1026 2491 timendum
1070 2433 1197 2491 fuit.
1272 2431 1584 2491 Servorum
1630 2438 1690 2491 et
1733 2434 2030 2506 egentium
2062 2434 2267 2491 civium

85 2522 128 2572 et
169 2517 621 2579 facinorosorum
681 2521 857 2578 armis
910 2537 1068 2578 meos
1129 2522 1314 2594 civeS,
1381 2521 1528 2578 meis
1583 2521 1837 2578 consiliis
1879 2522 2268 2594 periculisque

84 2614 336 2682 servatos,
396 2618 504 2681 pro
560 2624 653 2665 me
711 2607 862 2665 obici
914 2609 1093 2666 nolui.
1182 2608 1319 2667 Vidi
1364 2608 1552 2681 enim,
1614 2608 1733 2666 vidi
1778 2608 1928 2665 hunc
1972 2610 2159 2682 ipsum
2204 2608 2372 2679 Q.37

84 2690 418 2755 Hortensium
439 2741 454 2769 ,
514 2697 708 2752 lumen
755 2702 817 2753 et
856 2701 1258 2753 ornamentum
1306 2696 1396 2754 rei
1439 2695 1705 2768 publicae
1725 2740 1741 2768 ,
1784 2712 1972 2767 paene
2019 2694 2270 2754 interfici

85 2795 341 2841 servorum
410 2799 616 2856 manu,
682 2799 809 2840 cum
869 2784 1009 2840 mihi
1066 2784 1325 2857 adesset3
1392 2799 1507 2855 qua
1565 2783 1629 2839 in
1673 2783 1843 2841 turba
1887 2782 1947 2841 C.
1992 2783 2271 2842 Vibienus

85 2875 313 2945 senator,
360 2873 453 2930 vir
488 2871 762 2943 optimuS,
811 2888 938 2928 cum
985 2871 1094 2929 hoc
1138 2889 1268 2929 cum
1308 2875 1466 2928 esset
1511 2886 1626 2928 una
1646 2914 1661 2943 ,
1717 2872 1800 2928 ita
1838 2876 1929 2929 est
1972 2871 2271 2946 mulcatuS,

85 2960 132 3010 ut
168 2957 330 3016 vitam
376 2959 659 3017 amiserit.
693 2953 699 2958 ’
748 2960 950 3030 Itaque
976 2951 1028 3036 5)
1075 2958 1303 3032 quando
1348 2958 1505 3016 illius
1549 2962 1753 3029 postea
1784 2958 1905 3016 sica
1935 2958 2052 3031 illa,
2100 2975 2270 3031 quam

22 3037 23 3040 ’
87 3055 114 3096 a
151 3042 386 3104 Catilina
431 3052 773 3119 acceperat,
816 3046 1181 3118 conquievit?
1254 3046 1419 3105 Haec
1460 3046 1750 3103 intentata
1778 3046 1946 3104 nobis
1976 3051 2092 3120 est3
2139 3047 2271 3104 huic

87 3144 171 3198 ego
223 3151 318 3192 vos
370 3134 528 3193 obici
584 3150 688 3206 pro
748 3151 838 3191 me
894 3150 1010 3191 non
1057 3151 1181 3192 sum
1225 3145 1432 3207 passus
1452 3127 1535 3213 ⁶),
1594 3134 1743 3191 haec
1787 3132 2063 3192 insidiata
2104 3133 2271 3192 Pom-

86 3218 191 3284 peio
238 3227 349 3296 est3
425 3222 573 3279 haec
633 3223 804 3281 istam
847 3220 1127 3295 Appiam,
1188 3227 1620 3280 monumentum
1664 3221 1754 3278 sui
1792 3222 2069 3295 nominis,
2124 3238 2269 3280 nece

86 3300 270 3376 Papirii
313 3310 670 3382 cruentavit3
731 3311 878 3367 haec
931 3309 1136 3367 eadem
1178 3310 1351 3383 longo
1399 3310 1705 3368 intervallo
1751 3324 2031 3367 conversa
2074 3325 2273 3368 rursus

204 3574 250 3640 1)
287 3576 437 3629 Reus
476 3604 544 3613 —-
579 3572 761 3640 quoad
794 3572 933 3627 vioeit
968 3590 1064 3642 pro
1103 3573 1357 3627 insiticiis
1393 3571 1557 3626 habet
1592 3572 1757 3627 Bake.
1935 3574 1989 3642 2)
2028 3578 2078 3627 et
2111 3580 2177 3628 ut
2210 3574 2275 3626 in

91 3634 267 3697 homine
309 3647 443 3700 coni.
489 3644 549 3697 C.
580 3645 639 3697 F.
671 3644 752 3699 W.
778 3644 991 3699 Miiller.
1189 3645 1243 3711 3)
1287 3643 1445 3695 illum
1482 3643 1635 3696 deest
1682 3643 1740 3696 in
1778 3643 1928 3697 codd.
1965 3648 2177 3715 praeter
2211 3646 2272 3698 P.

92 3704 223 3780 [iam]
257 3715 416 3768 illum
454 3714 750 3768 Eberhard.
927 3715 982 3780 4)
1021 3718 1288 3780 coaryuat
1323 3714 1493 3775 Bake,
1533 3713 1815 3767 Eberhard.
1997 3717 2053 3778 5)
2093 3714 2277 3780 Atque

93 3792 171 3832 scr.
202 3782 343 3838 iubet
377 3784 636 3839 Hedicke.
780 3785 835 3851 6)
877 3784 1001 3837 huic
1036 3799 1130 3851 39⁰
1167 3816 1234 3823 —
1264 3799 1470 3850 passus
1508 3783 1612 3838 del.
1652 3784 1849 3851 Campe
1881 3784 2025 3838 Phil.
2063 3785 2113 3837 X
2150 3785 2272 3852 633,

94 3849 137 3898 at
166 3851 249 3907 cfr.
285 3854 517 3925 Spengel
555 3855 629 3909 ib.
665 3854 745 3908 XI
779 3854 901 3909 401.
1798 3922 1836 3959 ,κ
