2669 4354
402 250 524 307 338
1160 266 1442 306 ACCVSAT.
1492 266 1557 305 IN
1604 265 1847 305 vanni-:M

399 439 591 499 media
652 446 741 499 est
804 441 992 499 insula
1060 441 1231 513 situS,
1309 439 1611 498 umbilicus
1669 439 1901 497 Siciliae
1964 438 2306 498 nominatur.
2425 436 2591 507 Quam

401 545 529 586 cum
574 529 926 602 investigare
973 534 1034 586 et
1089 528 1432 601 conquirere
1480 527 1657 585 Ceres
1702 528 1909 600 vellet,
1972 527 2184 584 dicitur
2227 525 2591 584 inflammasse

399 617 604 676 taedas
646 617 719 674 iis
763 609 1074 693 ignibus¹)‚
1115 618 1214 689 qui
1259 632 1331 672 ex
1375 616 1604 674 Aetnae
1646 615 1864 673 vertice
1911 618 2249 688 erumpunt3
2318 630 2455 686 quas
2498 613 2592 670 sibi

258 707 379 764 107
401 720 531 762 cum
576 705 702 778 ipsa
742 702 1099 776 praeferret,
1145 704 1344 762 orbem
1382 719 1611 761 omnem
1653 719 1994 777 peragrasse
2041 708 2348 761 terrarum.
2404 702 2593 759 Henna

402 797 624 865 autem,
698 791 796 849 ubi
854 808 952 865 ea,
1016 809 1167 864 quae
1213 792 1368 864 dico,
1439 797 1603 864 gesta
1659 806 1787 849 esse
1845 794 2264 863 memorantur,
2337 795 2425 847 cst
2482 790 2593 846 loco

399 881 735 952 perexcelso
782 884 956 953 atque
1002 879 1186 953 edito,
1247 895 1360 953 quo
1404 880 1463 936 in
1510 894 1727 938 summo
1791 883 1880 937 est
1930 883 2179 949 aequata
2242 878 2370 950 agri
2431 877 2594 951 plani-

401 968 513 1025 ties
574 974 633 1025 et
690 984 872 1039 aquae
927 983 1240 1040 perenne83
1308 972 1432 1025 tota
1496 983 1633 1024 vero
1700 967 1773 1024 ab
1836 967 1989 1024 omni
2054 964 2216 1023 aditu
2276 965 2597 1023 circumcisa

402 1060 573 1128 atque
641 1055 864 1113 directa
884 1048 936 1136 ²)
1011 1061 1134 1127 est3
1207 1071 1379 1127 quam
1447 1056 1602 1112 circa
1668 1055 1827 1112 lacus
1889 1055 2117 1126 lucique
2188 1058 2322 1111 sunt
2386 1051 2597 1126 plurimi

402 1148 576 1214 atque
622 1143 921 1200 laetissimi
969 1140 1142 1201 flores
1182 1143 1338 1200 omni
1382 1149 1643 1215 tempore
1691 1143 1860 1215 anni,
1913 1143 2072 1199 locus
2111 1146 2174 1199 ut
2219 1142 2345 1213 ipse
2391 1147 2600 1214 raptum
2654 1168 2655 1177 κ

401 1230 561 1288 illum
608 1231 874 1301 virgini8‚
938 1247 1108 1303 quem
1165 1231 1280 1288 iam
1328 1247 1364 1287 a
1407 1232 1604 1304 pueris
1650 1230 2006 1303 accepimus,
2071 1228 2374 1288 declarare
2421 1229 2600 1287 videa·
2654 1280 2655 1291 2

403 1325 514 1376 tur.
605 1318 840 1375 Etenim
884 1335 1067 1390 prope
1113 1324 1206 1376 est
1249 1319 1526 1391 spelunca
1569 1318 1879 1391 quaedam,
1944 1333 2222 1376 conversa
2265 1316 2344 1374 ad
2399 1318 2603 1389 aquilo-

402 1421 568 1478 nem,
631 1404 856 1463 infinita
901 1405 1236 1479 altitudine,
1292 1423 1408 1479 qua
1450 1406 1646 1464 Ditem
1689 1411 1918 1479 patrem
1961 1406 2155 1463 ferunt
2194 1412 2444 1477 repente
2490 1422 2601 1462 cum

403 1510 575 1551 curru
623 1494 909 1553 exstitisse
965 1493 1380 1566 abreptamque
1431 1509 1501 1552 ex
1547 1510 1617 1552 eo
1670 1494 1793 1553 loco
1840 1494 2121 1566 virginem
2176 1509 2376 1551 secum
2423 1509 2604 1566 aspor-
2656 1500 2657 1555 ἒ

402 1586 556 1639 tasse
625 1586 687 1639 et
747 1582 936 1640 subito
997 1598 1109 1640 non
1176 1583 1344 1654 longe
1411 1598 1447 1639 a
1494 1581 1791 1655 Syracusis
1859 1586 2198 1655 penetrasse
2258 1580 2368 1638 sub
2436 1588 2603 1638 terras
2656 1622 2657 1625 η

401 1669 702 1741 lacumque
748 1670 809 1726 in
859 1685 928 1727 eo
972 1671 1100 1727 loco
1148 1676 1393 1741 repente
1442 1669 1760 1743 exstitisse,
1819 1669 1916 1727 ubi
1961 1685 2142 1740 usque
2195 1667 2269 1726 ad
2317 1668 2435 1727 hoc
2479 1674 2605 1726 tem·

401 1773 508 1829 pus
547 1756 892 1830 Syracusani
942 1756 1120 1815 festos
1160 1756 1284 1815 dies
1330 1758 1757 1816 anniversarios
1818 1763 1997 1830 agunt
2041 1755 2432 1815 celeberrimo
2476 1757 2605 1814 viro-

297 1839 527 1904 49rum
601 1845 1017 1916 mulierumque
1078 1852 1379 1903 conventu.
1494 1845 1739 1918 Propter
1789 1844 1957 1903 huius
2012 1845 2298 1918 opinionis
2366 1850 2605 1903 vetusta·
2658 1834 2659 1885 ff

403 1937 538 2005 tem,
583 1931 732 2004 quod
777 1931 980 1989 horum
1022 1932 1081 1989 in
1128 1933 1200 1989 iis
1246 1933 1386 1990 locis
1428 1933 1671 2007 vestigia
1713 1949 1781 1990 ac
1826 1949 2005 2005 prope
2052 1932 2411 1990 incunabula
2454 1949 2608 2005 repe-

401 2020 627 2076 riuntur
661 2020 922 2092 deorum,
980 2022 1128 2078 mira
1174 2021 1455 2092 quaedam
1500 2025 1625 2079 tota
1670 2020 1868 2078 Sicilia
1915 2021 2182 2093 privatim
2243 2036 2314 2078 ac
2383 2020 2602 2094 publice

400 2107 606 2180 religio
668 2114 758 2165 est
815 2106 1040 2166 Cereris
1101 2108 1447 2166 Hennensis
1561 2108 1796 2165 Etenim
1859 2109 2041 2166 multa
2108 2125 2285 2182 saepe
2351 2108 2606 2183 prodigia

401 2195 516 2252 vim
562 2196 687 2252 eius
740 2213 1065 2269 numenque
1122 2197 1494 2254 declararunt
1516 2191 1597 2275 ³):
1656 2197 1849 2254 multis
1911 2214 2085 2269 saepe
2143 2198 2202 2253 in
2261 2194 2603 2256 difficillimis
2660 2237 2661 2242 η

401 2281 576 2341 rebus
617 2298 892 2354 praesens
929 2285 1201 2342 auxilium
1252 2286 1377 2343 eius
1424 2283 1681 2343 oblatum
1729 2291 1843 2357 est,
1890 2291 1952 2342 ut
1995 2285 2142 2343 haec
2188 2286 2382 2343 insula
2433 2285 2505 2344 ab
2545 2301 2606 2341 ea

258 2371 381 2429 108
401 2387 518 2429 non
564 2370 746 2428 solum
793 2370 989 2445 diligi,
1059 2373 1160 2430 sed
1209 2374 1383 2430 etiam
1433 2373 1607 2430 incoli
1662 2371 2050 2445 custodirique
2103 2371 2386 2431 videatur.
2497 2373 2604 2430 Nec

402 2458 582 2515 solum
624 2458 833 2533 Siculi,
894 2475 1089 2518 verum
1138 2462 1313 2517 etiam
1362 2465 1597 2519 ceterae
1658 2469 1861 2533 gentes
1913 2462 2296 2533 nationesque
2338 2461 2604 2519 Hennen-

402 2562 524 2603 sem
585 2545 858 2605 Cererem
918 2548 1161 2606 maxime
1221 2548 1432 2605 colunt.
1538 2548 1772 2605 Etenim
1835 2549 1881 2606 si
1943 2549 2391 2607 Atheniensium
2456 2564 2607 2608 sacra

402 2650 623 2692 summa
692 2634 1004 2706 cupiditate
1075 2641 1450 2709 expetuntur,
1526 2636 1599 2693 ad
1666 2653 1807 2708 quos
1872 2635 2048 2694 Ceres
2113 2636 2174 2693 in
2242 2636 2347 2693 illo
2418 2653 2607 2695 errore

402 2721 629 2779 venisse
697 2723 909 2780 dicitur
981 2722 1288 2795 frugesque
1366 2724 1661 2797 attulisse,
1741 2730 2013 2795 quantam
2079 2739 2206 2782 esse
2268 2725 2609 2798 religionem

402 2810 669 2867 convenit
709 2826 937 2883 eorum,
1001 2811 1153 2883 apud
1194 2828 1333 2883 quos
1380 2827 1507 2869 eam
1554 2817 1749 2869 natam
1796 2827 1924 2869 esse
1972 2817 2031 2869 et
2074 2810 2271 2883 fruges
2323 2813 2609 2870 invenisse

402 2900 672 2954 constat?
788 2899 992 2969 Itaque
1055 2897 1207 2971 apud
1266 2904 1464 2970 patres
1520 2907 1776 2972 nostros,
1853 2900 2036 2957 atroci
2097 2914 2166 2957 ac
2228 2896 2451 2957 difficili
2532 2899 2613 2956 rei

285 3036 290 3041 .
400 2984 665 3057 publicae
712 2990 1000 3059 tempore,
1059 3002 1185 3043 cum
1232 2986 1320 3042 Ti.
1365 2984 1628 3045 Graccho
1685 2988 1874 3045 occiso
1935 3003 2273 3060 magnorum
2329 2988 2614 3060 periculo-

400 3089 526 3130 rum
582 3078 768 3131 metus
819 3090 890 3131 ex
950 3074 1193 3131 ostentis
1259 3073 1731 3148 portenderetur,
1814 3074 1876 3132 P.
1934 3075 2130 3132 Mucio
2189 3075 2255 3133 L.
2304 3074 2615 3149 Calpurnio

401 3159 754 3234 consulibus„
831 3160 1053 3218 aditum
1124 3168 1210 3218 est
1262 3161 1336 3219 ad
1395 3161 1570 3219 libros
1625 3161 1959 3235 SibyllinOS,
2019 3180 2089 3221 ex
2155 3163 2362 3235 quibus
2419 3164 2615 3221 inven-

398 3253 520 3305 tum
596 3255 685 3306 est
753 3247 1027 3306 Cererem
1094 3249 1546 3321 antiquissimam
1617 3250 1835 3322 placari
1912 3257 2200 3322 oportere.
2320 3250 2464 3308 Tum
2550 3268 2616 3308 ex

398 3336 747 3407 amplissimo
796 3337 1058 3410 conlegio
1104 3336 1473 3395 decemvirali
1536 3338 1868 3396 sacerdotes
1915 3340 2112 3411 populi
2157 3338 2433 3412 Romani,
2490 3355 2615 3396 cum

400 3431 557 3481 osset
611 3425 672 3481 in
733 3424 876 3482 urbe
937 3429 1136 3482 nostra
1197 3423 1428 3482 Cereris
1488 3425 1933 3496 pulcherrimum
1997 3431 2057 3483 et
2114 3426 2615 3500 magnificentissi-

399 3527 550 3568 mum
598 3513 902 3585 templum,
948 3518 1143 3570 tamen
1190 3528 1369 3583 usque
1417 3512 1682 3572 Hennam
1729 3512 1974 3585 profecti
2021 3521 2169 3571 sunt.
2260 3514 2447 3572 Tanta
2492 3520 2615 3572 erat

542 3735 594 3799 1)
633 3733 800 3787 Codd.
825 3735 993 3802 Lagg.
1035 3736 1274 3803 plerique
1298 3751 1368 3788 ea:
1394 3736 1464 3789 iis
1489 3736 1631 3804 i9n.;
1667 3737 1860 3791 Miiller
1902 3738 2008 3806 [ex]
2048 3738 2121 3792 iis
2156 3739 2269 3807 ἐφη.
2352 3741 2406 3806 2)
2446 3739 2615 3806 Vulgo

400 3803 699 3868 dirempta,
762 3805 819 3854 at
863 3803 1012 3855 codd.
1064 3806 1258 3874 partim
1311 3805 1550 3874 direpta,
1609 3808 1807 3875 partim
1846 3806 2081 3861 directa.-
2146 3809 2364 3863 derecta
2397 3809 2610 3863 Miiller.

401 3874 455 3941 3)
497 3872 586 3925 Sic
632 3871 904 3926 Benedict.
946 3875 1113 3938 coni.,
1166 3877 1313 3945 prob.
1353 3876 1540 3941 Halm3
1592 3878 1737 3945 vulg.
1786 3876 2088 3934 declarant.
