2669 4354
932 256 1045 295 PRO
1089 258 1141 295 P.
1186 256 1405 297 SESTIO.

2112 246 2281 335 Q

280 427 467 486 Multa
527 429 772 498 acerba,
850 430 1032 486 multa
1109 430 1332 502 turpia,
1415 431 1597 488 multa
1668 431 2003 491 turbulenta
2077 434 2279 491 habuit
2299 435 2385 501 27

0 485 3 502 ’
83 514 172 571 1118
227 532 433 575 annus:
490 523 687 574 tamen
739 517 825 574 illi
883 518 1128 592 sceleri,
1191 518 1343 591 quod
1398 520 1461 576 in
1517 536 1609 577 me
1669 521 1899 578 illorum
1953 522 2278 580 immanitas
2300 528 2381 587 58

0 609 1 676 j
83 602 273 677 edidit,
335 605 490 662 haud
533 606 653 663 scio
700 621 777 662 an
820 611 982 663 recte
1034 606 1143 663 hoc
1202 605 1526 679 proximum
1585 624 1714 667 esse
1778 608 2051 669 dicamus,
2160 610 2280 667 An-

0 727 5 784 i

0 789 5 854 1

81 692 314 749 tiochum
359 693 636 767 Magnum
680 693 844 750 illum
903 694 1154 752 maiores
1205 695 1389 752 nostri
1448 712 1660 767 magna
1719 697 1858 754 belli
1910 698 2279 756 contentione

80 785 223 837 terra
263 783 522 853 marique
581 787 915 854 superatum
977 782 1132 839 intra
1186 787 1438 840 montem
1481 783 1736 842 Taurum
1794 802 2044 858 regnare
2100 787 2281 844 iusse-

0 895 1 920 1
76 874 225 925 runt:
284 869 513 940 Asiam,
576 887 690 941 qua
740 870 927 932 illum,
961 870 1304 944 multarunt,
1359 870 1589 944 Attalo,
1650 877 1715 929 ut
1778 873 1829 929 is
1884 880 2160 947 regnaret
2218 875 2280 932 in

2 1365 11 1416 1

2 1421 9 1492 ἓ

77 972 166 1029 ea,
224 956 708 1015 condonaverunt.
820 957 962 1015 Cum
1002 949 1404 1016 Armeniorum
1450 976 1591 1033 rege
1639 958 1893 1031 Tigrane
1937 978 2113 1034 grave
2156 963 2278 1021 bel-

74 1044 179 1099 lum
233 1062 420 1117 nuper
474 1047 589 1118 ipsi
644 1046 1088 1119 diuturnumque
1114 1042 1166 1126 1)
1226 1047 1534 1121 gessimus,
1590 1065 1718 1105 cum
1776 1049 1879 1106 ille
1935 1050 2160 1107 iniuriis
2216 1051 2280 1107 in

75 1133 246 1189 socios
305 1138 534 1192 nostros
591 1134 911 1192 inferendis
954 1134 1108 1192 bello
1170 1151 1354 1208 prope
1411 1152 1516 1194 nos
1583 1137 1927 1195 lacessisset.
2048 1139 2159 1196 Hic
2219 1143 2280 1196 et

72 1220 183 1291 ipse
228 1239 335 1293 per
378 1238 444 1280 se
488 1224 803 1280 vehemens
855 1222 1035 1280 hostis
1054 1217 1107 1303 ²)
1168 1222 1277 1280 fuit
1321 1227 1383 1281 et
1434 1225 1784 1282 acerrimum
1838 1226 2060 1283 hostem
2111 1227 2280 1283 huius

72 1310 313 1382 imperii,
376 1310 808 1384 Mithridatem,
864 1312 1091 1383 pulsum
1134 1312 1350 1385 Ponto,
1412 1313 1612 1383 opibus
1670 1315 1790 1371 suis
1835 1331 2132 1388 regnoque
2179 1314 2277 1372 de-

71 1396 268 1472 fendit,
317 1403 378 1456 et
423 1398 498 1456 ab
545 1399 610 1456 L.
658 1399 899 1456 Lucullo
920 1391 994 1478 3),
1054 1416 1272 1458 8111111110
1325 1400 1450 1457 viro
1509 1406 1680 1473 atque
1739 1402 2125 1475 imperatore,
2187 1420 2280 1460 re-

2 1495 9 1548 ’,
71 1487 249 1556 pulsus
274 1479 357 1564 ⁴),
425 1487 618 1545 animo
675 1493 871 1545 tamen
928 1486 1122 1545 hostili
1167 1505 1294 1545 cum
1342 1489 1583 1560 reliquis
1638 1490 1756 1546 suis
1803 1491 1982 1562 copiis
2043 1492 2104 1548 in
2163 1492 2279 1563 pri-

2 1585 11 1702 1

70 1574 211 1632 stina
267 1580 465 1633 mente
532 1576 770 1633 mansit:
833 1575 986 1633 hunc
1047 1574 1148 1632 Cn.
1193 1576 1530 1650 Pompeius,
1590 1593 1717 1635 cum
1774 1578 1835 1633 in
1895 1579 2012 1635 suis
2074 1580 2278 1636 castris

4 1707 11 1738 ἰ
70 1663 379 1735 supplicem
426 1663 718 1721 abiectum
763 1662 1027 1736 vidisset,
1091 1664 1278 1721 erexit
1322 1669 1495 1736 atque
1547 1666 1773 1737 insigne
1819 1668 2071 1739 regium,
2130 1667 2279 1738 quod

4 1759 13 1830 ξ
70 1751 156 1808 1118
201 1751 276 1809 de
325 1768 434 1808 suo
478 1752 669 1824 capite
717 1752 1048 1822 abiecerat,
1110 1753 1372 1824 reposuit
1417 1757 1475 1810 et
1518 1753 1692 1810 certis
1745 1754 1921 1811 rebus
1979 1755 2278 1827 imperatis

4 1835 11 1924 ᾗ
68 1855 305 1909 regnare
353 1840 524 1897 iussit
567 1856 679 1897 nec
724 1840 912 1897 minus
959 1845 1019 1897 et
1074 1840 1182 1897 sibi
1224 1844 1285 1897 et
1344 1839 1479 1897 huic
1527 1842 1770 1914 imperio
1818 1842 2127 1913 gloriosum
2172 1860 2278 1915 pu-

4 1957 11 2000 :
69 1928 197 1985 tavit
241 1929 627 1986 constitutum
669 1945 706 1986 a
761 1944 825 1986 se
871 1943 1071 2000 regem
1117 1944 1286 2000 quam
1334 1930 1705 1987 constrictum
1749 1929 1950 1987 videri.
2054 1932 2111 1987 Is
2173 1932 2278 2002 igi·
2299 1941 2378 1998 59

4 2037 11 2090 2
70 2021 149 2071 tur
203 2018 304 2089 qui
355 2016 571 2074 bellum
626 2015 855 2089 intulit,
907 2017 1087 2088 gessit
1107 2009 1157 2096 5)
1215 2017 1313 2089 qui
1374 2022 1434 2073 et
1494 2017 1617 2089 ipse
1671 2018 1851 2075 hostis
1913 2016 2025 2075 fuit
2081 2020 2277 2092 populi

69 2102 299 2162 Romani
347 2110 409 2162 et
452 2104 798 2163 acerrimum
854 2104 1078 2161 hostem
1136 2105 1198 2162 in
1257 2121 1502 2177 regnum
1545 2104 1800 2180 recepit,
1861 2106 1958 2179 qui
2004 2105 2280 2182 conflixit,

69 2193 151 2262 qui
188 2194 364 2267 signa
411 2195 684 2267 contulit,
747 2194 845 2267 qui
890 2193 962 2251 de
1008 2194 1253 2266 imperio
1291 2210 1479 2266 paene
1527 2195 1805 2269 certavit,
1865 2200 2072 2269 regnat
2108 2196 2278 2255 hodie

73 2286 122 2338 et
159 2280 464 2340 amicitiae
510 2299 719 2341 nomen
766 2298 835 2339 ac
878 2282 1206 2355 societatiS,
1268 2282 1423 2353 quod
1478 2284 1651 2341 armis
1696 2283 1975 2359 violarat,
2032 2284 2093 2342 id
2146 2301 2280 2358 pre-

74 2370 216 2427 cibus
280 2375 375 2429 est
439 2376 810 2429 consecutus:
867 2370 968 2428 ille
1029 2369 1271 2442 Cyprius
1336 2371 1542 2446 miser,
1602 2372 1698 2443 qui
1752 2389 1984 2446 semper
2041 2373 2279 2447 amicae,

2 2494 9 2501 -
71 2471 283 2531 semper
325 2459 517 2516 socius
574 2457 721 2532 fuit,
780 2458 853 2517 de
919 2472 1029 2531 quo
1078 2459 1238 2516 nulla
1284 2475 1554 2530 umquam
1615 2460 1864 2532 suspicio
1923 2461 2122 2519 durior
2179 2467 2281 2519 aut

4 2568 5 2575 ¹
69 2545 131 2601 ad
171 2552 446 2605 senatum
507 2552 609 2604 aut
654 2547 726 2604 ad
788 2548 1171 2618 imperatores
1224 2547 1420 2604 adlata
1478 2553 1706 2606 nostros
1766 2554 1884 2621 est,
1954 2550 2149 2622 vivuS,
2217 2556 2282 2607 ut

4 2646 9 2707 ;
70 2634 248 2710 aiunt,
313 2641 409 2692 est
454 2641 517 2692 et
557 2634 763 2693 videns
820 2652 948 2692 cum
994 2635 1147 2692 victu
1195 2651 1264 2693 ac
1309 2635 1526 2692 vestitu
1569 2652 1673 2693 suo
1718 2637 2058 2708 publicatus
2167 2637 2278 2712 En,

4 2730 11 2795 3*
69 2738 155 2779 cur
199 2724 394 2782 ceteri
439 2740 612 2795 reges
658 2722 926 2781 stabilem
974 2740 1101 2781 esse
1146 2739 1307 2781 suam
1361 2721 1651 2782 fortunam
1709 2725 2092 2799 arbitrentur,
2151 2742 2278 2783 cum

4 2798 11 2841 ²
67 2809 158 2868 hoc
213 2813 375 2870 illius
431 2808 648 2869 funesti
709 2812 845 2869 anni
904 2811 1134 2884 prodito
1196 2811 1459 2884 exemplo
1519 2812 1755 2869 videant
1815 2831 1923 2884 per
1986 2814 2279 2872 tribunum

68 2898 308 2972 aliquem
357 2904 419 2957 et
474 2904 773 2958 sescentas
819 2916 1029 2972 operas
1085 2917 1148 2957 se
1196 2898 1443 2957 fortunis
1488 2901 1725 2973 spoliari
1786 2906 1847 2958 81
1899 2918 2081 2974 regno
2126 2904 2280 2960 omni

67 3002 219 3056 posse
259 2982 509 3045 ‘nudaril

194 3277 247 3343 1)
289 3273 381 3328 Sic
418 3272 608 3338 Halm;
648 3270 762 3326 cod.
788 3271 909 3327 Par.
948 3273 1141 3325 bellum
1178 3277 1278 3326 aut
1304 3289 1408 3340 per
1432 3273 1546 3340 ipsi
1584 3273 1719 3328 diat.
1738 3292 1758 3340 ‚·
1792 3275 1955 3343 vulgo
1983 3293 2045 3328 ex
2071 3276 2277 3331 Gembl.

68 3340 247 3398 bellum
275 3343 837 3413 perdiuturnumque.
1054 3344 1107 3410 2)
1146 3343 1316 3397 hostis
1355 3344 1475 3397 add.
1509 3344 1729 3398 Richter
1765 3349 1820 3398 et
1856 3347 2121 3411 Dietrich;
2159 3365 2281 3401 mox

69 3411 217 3470 huius
254 3414 476 3482 imperii
515 3414 666 3468 deest
699 3415 756 3467 in
793 3412 908 3468 cod.
933 3415 1086 3478 Par.;
1123 3415 1284 3468 Halm
1322 3415 1482 3468 malit
1515 3414 1684 3467 huius
1720 3416 1878 3469 urbis
1912 3420 2130 3487 propter
2156 3419 2279 3473 Val.

70 3484 195 3541 Max.
229 3488 300 3554 V,
344 3487 392 3548 1,
432 3486 481 3539 9.
554 3484 829 3538 Eberhard
865 3485 1000 3538 haec
1037 3486 1210 3538 omnia
1259 3485 1374 3537 Hic
1415 3491 1466 3538 et
1501 3486 1616 3553 ipse
1653 3519 1719 3525 —-
1757 3487 1961 3541 mansit
2000 3506 2118 3541 unc.
2151 3491 2278 3542 incl.

71 3555 114 3621 3)
152 3562 199 3609 et
236 3557 309 3609 ab
346 3556 542 3620 Halm,
584 3561 632 3608 et
667 3555 743 3607 ad
776 3555 927 3609 codd.
967 3555 1037 3608 L.
1077 3555 1198 3610 add.
1235 3555 1477 3623 Madvig.
1656 3557 1711 3624 4)
1767 3558 1853 3611 Sic
1888 3558 2082 3622 Halm;
2132 3560 2280 3615 codd.

66 3627 291 3689 pulsum.
369 3626 511 3680 Paul
551 3627 858 3693 perculsus,
1072 3628 1127 3693 5)
1176 3626 1305 3680 Cod.
1341 3627 1463 3681 Par.
1503 3628 1630 3679 ante
1666 3627 1792 3681 tulit
1834 3628 2083 3682 lacunam
2121 3630 2283 3684 habet

72 3699 365 3763 quindecim
428 3697 747 3750 litterarum.
843 3697 1007 3749 Halm
1063 3699 1251 3766 scripS.
1308 3696 1431 3750 Rem
1492 3697 1661 3764 iyitwr
1709 3697 2029 3767 Armeniae,
2089 3701 2182 3767 qui
2230 3707 2282 3755 ct

74 3765 168 3832 ipse
202 3768 380 3821 hostis
417 3770 518 3820 cet.
604 3767 755 3820 Koch
803 3770 858 3820 ct
904 3767 1178 3821 Eberhard
1224 3767 1273 3820 is
1320 3767 1493 3835 ἐρέτην
1538 3767 1637 3834 qui
1681 3768 1874 3822 bellam
1920 3770 2135 3838 intulit,
2185 3772 2283 3838 qui

75 3836 349 3891 lacessivit.

1804 3926 1933 3990 15δίς
