2669 4354
381 228 506 284 380
769 252 772 253 ⁷
1063 242 1282 285 ORA‘rro
1327 245 1586 284 PHILIPP.
1630 243 1905 283 SECVNDA

381 433 489 490 ego
535 415 609 474 ab
654 417 794 474 illo?
835 435 911 476 an
955 419 1081 477 sine
1127 435 1219 477 me
1265 418 1367 475 ille
1414 418 1589 478 vicit?
1676 417 1756 475 At
1798 434 1872 475 ne
1919 416 2106 493 potuit
2151 415 2405 488 quidem.
2475 416 2584 490 Ego

381 504 468 561 ad
500 504 663 562 illum
700 498 842 563 belli
883 506 1066 564 civilis
1101 523 1336 565 causam
1385 506 1582 577 attuli,
1623 522 1729 579 ego
1773 505 1936 579 leges
1979 503 2336 583 perniciosas
2384 505 2585 579 rogavi,

383 608 491 666 ego
538 607 700 650 arma
754 598 954 652 contra
1009 596 1273 653 consules
1328 595 1824 667 imperatoresque
1884 582 2081 665 populi
2128 586 2407 666 Romani,
2471 609 2586 649 con-

381 686 475 738 tra
520 686 782 738 senatum
827 682 1218 756 populumque
1263 681 1610 751 Romanum,
1659 686 1861 739 contra
1906 679 2044 738 deos
2088 680 2307 753 patrios
2356 696 2585 752 arasque

382 772 442 824 et
483 764 673 841 focOS,
738 774 941 827 contra
997 771 1242 842 patriam
1298 770 1425 827 tuli.
1531 770 1683 826 Num
1741 767 1851 826 sibi
1906 768 2015 825 soli
2064 767 2244 824 vicit?
2349 767 2587 838 Quorum

378 854 604 913 facinus
665 863 757 914 est
814 873 1150 932 commune,
1215 874 1319 915 cur
1378 873 1495 915 non
1546 858 1623 915 sit
1684 872 1881 913 eorum
1934 854 2156 928 praeda
2215 851 2588 914 communis’?

379 943 474 1001 Ius
534 944 902 1018 postulabas„
978 945 1081 1003 sed
1126 945 1262 1018 quid
1319 944 1394 1002 ad
1442 947 1608 1002 rem?
1684 945 1810 1016 plus
1872 943 1971 1015 ille
2026 948 2274 1014 poterat.
2397 945 2587 1017 Itaque

280 1031 357 1088 73
382 1031 634 1088 excussis
662 1025 713 1109 ¹)
777 1033 893 1089 tuis
948 1033 1181 1091 vocibus
1240 1037 1300 1090 et
1357 1031 1432 1089 ad
1495 1037 1553 1090 te
1619 1038 1680 1089 et
1740 1032 1813 1090 ad
1873 1030 2121 1104 praedes
2189 1036 2317 1089 tuos
2390 1033 2589 1095 milites

380 1118 562 1192 misit,
637 1134 767 1176 cum
829 1125 1072 1191 repente
1129 1139 1165 1180 a
1224 1127 1283 1179 te
1352 1120 1658 1193 praeclara
1720 1120 1820 1176 illa
1888 1118 2089 1179 tabula
2152 1119 2381 1190 prolata
2428 1125 2519 1177 est
2535 1115 2591 1199 ²).

382 1206 492 1276 Qui
562 1206 713 1263 risus
774 1205 1099 1265 hominum!
1168 1213 1391 1267 tantam
1456 1224 1582 1266 esse
1651 1207 1941 1285 tabulam,
2009 1212 2127 1264 tam
2193 1207 2419 1281 varias,
2483 1213 2591 1266 tam

383 1294 591 1351 multas
658 1296 1082 1369 possessiones,
1161 1314 1231 1355 ex
1299 1295 1503 1368 quibus
1571 1300 1811 1368 praeter
1881 1284 2106 1367 partem
2173 1295 2391 1352 Miseni
2459 1296 2592 1353 nihil

384 1384 537 1451 erat,
594 1382 745 1454 quod
803 1383 897 1455 qui
919 1376 973 1463 ³)
1022 1385 1459 1442 auctionaretur
1514 1388 1712 1459 posset
1757 1400 1923 1440 suum
1979 1382 2194 1440 dicere.
2296 1384 2591 1441 Auctionis

381 1484 520 1527 vero
566 1469 911 1529 miserabilis
957 1476 1254 1545 aspectus:
1301 1472 1479 1528 vestis
1510 1471 1750 1545 Pompei
1795 1488 1912 1529 non
1954 1470 2135 1526 multa
2184 1487 2371 1542 eaque
2412 1488 2592 1529 macu-

381 1557 532 1629 losa,
588 1557 849 1615 eiusdem
896 1559 1180 1631 quaedam
1225 1565 1509 1631 argentea
1550 1575 1690 1618 vasa
1736 1559 1984 1632 conlisa,
2048 1557 2344 1616 sordidata
2390 1560 2593 1616 manci-

381 1644 503 1717 pia,
551 1649 617 1702 ut
661 1645 986 1704 doleremus
1033 1648 1334 1719 quicquam
1370 1663 1497 1705 esse
1546 1664 1617 1705 ex
1662 1647 1775 1704 illis
1807 1645 2067 1719 reliquiis
2085 1638 2159 1725 4),
2205 1647 2354 1718 quod
2401 1647 2590 1705 videre

282 1735 363 1791 74
382 1749 697 1804 possemus,
817 1734 982 1791 Hanc
1044 1739 1240 1793 tamen
1299 1736 1627 1793 auctionem
1685 1734 1933 1807 heredes
1990 1733 2057 1792 L.
2105 1733 2312 1791 Rubrii
2367 1734 2592 1793 decreto

384 1819 651 1878 Caesaris
707 1821 1141 1892 prohibuerunt.
1247 1822 1551 1883 Haerebat
1600 1823 1839 1896 nebulo,
1900 1826 2031 1897 quo'
2061 1838 2124 1879 se
2176 1827 2437 1891 verteret
2488 1839 2591 1880 non

317 1940 322 1944 -
384 1907 651 1966 habebat.
760 1909 910 1979 Quin
966 1911 1038 1968 iis
1055 1904 1107 1991 ⁶)
1162 1911 1303 1982 ipsis
1362 1910 1716 1982 temporibus
1771 1909 1939 1967 domi·
1973 1907 2238 1968 Caesaris
2297 1916 2594 1984 percussor

384 1996 457 2054 ab
509 1996 619 2053 isto
669 1996 877 2054 missus
930 1997 1325 2071 deprehensus
1393 1997 1693 2056 dicebatur
1750 2014 1877 2056 esse
1944 2013 2073 2054 cum
2141 1997 2287 2055 sica:
2361 1998 2434 2055 de
2492 2014 2591 2070 quo

385 2083 603 2142 Caesar
647 2086 708 2142 in
753 2090 960 2143 senatu
1007 2092 1210 2159 aperte
1258 2087 1320 2142 in
1363 2092 1421 2144 te
1467 2086 1750 2145 invehens
1796 2089 2031 2158 questus
2078 2090 2184 2142 est.
2284 2083 2588 2143 Proficisci-

383 2177 482 2230 tur
544 2171 605 2229 in
673 2171 1014 2245 Hispaniam
1072 2172 1312 2247 Caesar,
1382 2175 1582 2249 paucis
1650 2173 1755 2232 tibi
1824 2173 1898 2232 ad
1965 2171 2297 2231 solvendum
2365 2179 2589 2248 propter

383 2260 637 2333 inopiam
704 2265 864 2318 tuam
930 2264 1253 2336 prorogatis
1322 2262 1545 2322 diebus,
1661 2262 1751 2320 Ne
1826 2268 1945 2319 tum
2021 2261 2251 2334 quidem
2326 2262 2583 2334 sequeris.

384 2347 528 2405 Tam
581 2348 765 2405 bonus
812 2349 1096 2420 gladiator
1127 2347 1342 2409 ‘rudem
1396 2356 1516 2408 tam
1562 2350 1719 2409 cito?
1827 2350 2000 2408 Hunc
2054 2349 2233 2422 igitur
2285 2350 2587 2424 quisquam,

386 2436 485 2507 qui
532 2436 591 2491 in
636 2435 754 2492 suis
798 2438 1084 2511 partibuS,
1131 2438 1192 2496 id
1235 2443 1326 2496 est
1371 2439 1432 2496 in
1479 2440 1598 2498 suis
1643 2439 1914 2511 fortunis,
1971 2441 2091 2495 tam
2135 2436 2368 2495 timidus
2414 2436 2591 2508 fuerit,

382 2523 795 2595 pertimescat?
2062 2587 2065 2592 ,
2214 2591 2219 2596 ¹

279 2610 367 2678 30
558 2609 863 2670 Profectus
933 2619 1023 2671 est
1082 2613 1395 2686 aliquando
1455 2614 1690 2671 tandem
1751 2613 1815 2670 in
1879 2612 2247 2686 Hispaniam,
2315 2613 2420 2670 sed
2462 2615 2594 2680 tute,

382 2702 449 2756 ut
494 2698 607 2772 ait,
668 2701 976 2772 pervenire
1035 2717 1151 2758 non
1208 2702 1414 2774 potuit.
1522 2701 1781 2771 Quonam
1840 2699 2006 2757 modo
2062 2699 2258 2773 igitur¹
2295 2698 2593 2757 Dolabella

282 2787 689 2859 75pervenit‘?
778 2787 896 2846 Aut
955 2804 1071 2846 non
1105 2787 1506 2859 -suscipienda
1568 2786 1678 2845 fuit
1739 2788 1855 2845 ista
1913 2804 2115 2860 causa,
2179 2788 2426 2860 Antoni,
2484 2791 2593 2856 aut,

384 2890 514 2932 cum
558 2867 936 2950 suscepisseS,
985 2874 1352 2934 defendenda
1398 2891 1578 2947 usque
1626 2873 1699 2933 ad
1743 2880 2077 2934 extremum.
2149 2875 2267 2932 Ter
2313 2876 2593 2948 depugna-

381 2961 466 3019 vit
511 2962 729 3021 Caesar
774 2980 903 3021 cum
951 2963 1203 3037 civibus,
1246 2964 1310 3020 in
1356 2961 1685 3036 Thessalia,
1733 2962 1958 3037 Africa„
2002 2962 2305 3037 Hispania.
2411 2960 2592 3020 Omni-

382 3051 489 3108 bus
565 3050 752 3109 adfuit
816 3050 905 3110 his
961 3050 1166 3124 pugnis
1218 3050 1559 3123 Dolabella,
1620 3051 1689 3107 in
1748 3050 2123 3124 Hispaniensi
2178 3052 2357 3109 etiam
2407 3051 2592 3110 vulnus

384 3139 630 3211 accepit.
721 3136 781 3195 Si
831 3139 903 3198 de
951 3155 1080 3196 meo
1127 3139 1340 3197 iudicio
1387 3140 1643 3213 quaeriS,
1703 3139 1951 3213 nollem3
2009 3139 2114 3197 sed
2166 3145 2366 3198 tamen
2422 3136 2592 3197 consi-

381 3226 522 3284 lium
583 3244 619 3285 a
679 3226 866 3298 primo
930 3226 1529 3302 reprehendendum,
1585 3226 1873 3288 laudanda
1933 3228 2287 3287 constantia:
2352 3234 2414 3285 tu
2468 3239 2592 3283 vero

384 3314 520 3387 quid
568 3330 632 3372 es
652 3308 743 3394 ⁶)‘?
835 3313 937 3373 Cn.
982 3314 1220 3387 Pompei
1274 3315 1448 3374 liberi
1498 3321 1620 3373 tum
1663 3305 1907 3387 primum
1951 3314 2198 3387 patriam
2258 3314 2593 3390 repetebant

527 3502 580 3568 1)
633 3500 722 3554 Sic
759 3500 911 3554 codd.
951 3500 1057 3554 fere
1091 3516 1299 3562 omneS,
1357 3497 1582 3567 Madvig
1630 3516 1691 3553 ex
1740 3499 1948 3554 duobus
1997 3499 2147 3553 codd.
2185 3500 2472 3554 Barberini
2516 3513 2594 3550 ea·-

384 3570 581 3629 clusis.
635 3570 1008 3625 Hirschfelder
1056 3570 1309 3638 explosis,
1527 3569 1578 3636 2)
1627 3575 1731 3634 est,
1777 3569 1920 3639 quod
1957 3571 2110 3624 deest
2152 3571 2209 3623 in
2256 3571 2371 3625 cod.
2410 3569 2594 3633 vatic„

384 3641 607 3706 Madvig
644 3645 772 3709 post
807 3648 1022 3707 repente
1066 3642 1321 3709 inseruit,
1377 3639 1546 3694 Orelli
1586 3642 1639 3692 et
1675 3641 1832 3693 Halm
1881 3644 2004 3710 post
2039 3641 2301 3708 prolata,
2358 3639 2498 3710 quod
2539 3638 2590 3689 in

384 3712 514 3763 Vat.
550 3713 634 3763 est
664 3712 937 3777 prolatas.
1105 3713 1160 3779 3)
1205 3710 1293 3764 Sic
1329 3711 1529 3773 Vatic.;
1560 3710 1729 3779 vulgo
1769 3712 1820 3764 is
1855 3711 1962 3777 qui.
2123 3713 2180 3773 4)
2216 3712 2415 3778 reliqui
2448 3710 2595 3776 Pluy-

386 3795 515 3845 gers
566 3781 702 3834 coni.
887 3783 943 3848 5)
988 3781 1076 3835 his
1130 3781 1284 3836 codd.
1499 3782 1554 3848 6)
1601 3780 1734 3848 quid
1769 3798 1822 3835 es
1858 3781 2061 3845 Vatic.;
2118 3783 2238 3836 alii·
2269 3782 2418 3837 codd.
2475 3776 2596 3849 quid

389 3862 587 3901 censes.
