2669 4354
917 256 983 294 m
1030 255 1385 298 mmmm.
2174 242 2254 300 87

102 428 276 488 Romae
333 434 668 503 remanent,
743 428 843 502 qui
898 430 1192 488 nobiscum
1251 436 1413 504 sunt,
1487 429 1630 488 nihil
1693 428 1976 489 dicimus?
2106 430 2258 501 Quos

102 516 286 588 quidem
331 535 464 592 ego,
516 517 566 576 si
623 518 740 576 ullo
784 515 951 575 modo
995 514 1126 576 fieri
1179 517 1392 592 possit,
1446 534 1563 577 non
1621 523 1739 576 tam
1801 518 2000 577 ulcisci
2053 518 2258 581 studeo

102 621 232 675 quam
286 621 487 664 sanare
535 605 644 664 sibi
700 607 854 678 ipsos
870 650 886 679 ,
947 606 1182 678 placare
1227 606 1316 664 rei
1372 605 1671 680 publicae;
1726 621 1915 677 neque
1972 605 2034 665 id
2074 622 2257 679 quare

99 689 195 751 fieri
232 710 339 752 non
389 693 598 766 possit,
666 692 716 750 si
767 710 859 751 me
920 693 1123 752 audire
1181 695 1376 752 volent
1406 690 1458 774 1)
1476 739 1491 768 ‚
1553 694 1847 767 intellego.
1957 693 2257 768 Exponam

101 782 217 837 enim
257 782 437 855 vobis,
482 780 734 852 Quirites
750 824 766 854 ,
813 797 884 839 ex
925 781 1130 853 quibus
1172 782 1484 853 generibus
1526 781 1818 841 hominum
1857 782 2007 840 istae
2053 781 2255 855 copiae

98 876 485 942 comparentur,
537 868 750 927 deinde
812 868 1053 941 singulis
1098 867 1447 928 medicinam
1493 870 1716 928 consilii
1761 875 1934 942 atque
1980 869 2256 929 orationis

96 972 250 1027 meae,
303 959 350 1014 si
396 973 568 1030 quam
611 962 848 1031 poter0,
906 954 1184 1015 adferam.
1276 957 1466 1016 Unum
1512 973 1692 1031 genus
1739 963 1827 1015 est
1871 973 2097 1031 eorum,
2161 958 2255 1031 qui
2279 964 2357 1022 18

95 1059 258 1117 magno
300 1047 359 1103 in
406 1061 543 1103 aere
599 1046 791 1104 alieno
835 1045 1082 1102 maiores
1128 1046 1302 1103 etiam
1363 1046 1760 1118 possessiones
1809 1045 2059 1119 habent,
2118 1062 2256 1117 qua-

94 1148 186 1189 mm
224 1149 411 1192 amore
455 1132 693 1192 adducti
737 1132 968 1190 dissolvi
1022 1133 1178 1191 nullo
1229 1132 1399 1190 modo
1443 1138 1697 1206 possunt.
1801 1133 2021 1192 Horum
2076 1134 2257 1192 homi-

94 1237 196 1277 num
235 1220 455 1294 species
503 1226 593 1279 est
650 1219 1056 1279 honestissima
1070 1264 1086 1294 ,
1161 1226 1294 1278 sunt
1357 1222 1510 1280 enim
1569 1221 1922 1295 locupleteS,
1995 1223 2256 1280 voluntas

94 1324 197 1366 vero
235 1315 292 1367 et
340 1326 410 1369 ca
577 1307 1089 1398 impudentissima.
1191 1308 1279 1366 Tu
1329 1308 1517 1383 agris,
1574 1314 1637 1367 tu
1694 1307 2003 1407 aedificiis,
2057 1316 2121 1369 tu
2167 1326 2257 1368 ar-

94 1402 252 1470 gento,
318 1404 379 1455 tu
410 1325 679 1471 ἓξὲιῖιιᾙΐιι,
742 1401 805 1454 tu
864 1396 1041 1455 rebus
1097 1396 1360 1454 omnibus
1419 1402 1659 1455 ornatus
1713 1403 1774 1457 et
1841 1396 2104 1470 copiosus
2159 1397 2256 1471 sis,

93 1489 135 1539 et
167 1482 374 1544 dubites
420 1486 498 1544 de
541 1485 902 1557 possessione
948 1483 1290 1558 detrahere,
1340 1483 1647 1559 adquirere
1693 1485 1767 1544 ad
1810 1483 2020 1543 fidem?
2108 1484 2259 1557 Quid

92 1570 208 1628 enim
258 1574 612 1647 exspectas?
680 1572 942 1630 bellum?
1049 1570 1198 1642 Quid
1261 1575 1443 1645 ergo‘?
1508 1574 1571 1630 in
1623 1574 1941 1631 vastatione
2005 1574 2258 1632 omnium

90 1665 188 1717 tuas
234 1662 625 1733 possessiones
670 1666 1064 1719 sacrosanctas
1114 1658 1339 1718 futuras
1397 1663 1603 1733 putas?
1655 1677 1729 1719 an
1772 1661 2000 1719 tabulas
2043 1664 2260 1720 novas?

76 1739 249 1817 OEfrant
301 1749 400 1821 qui
454 1748 602 1808 istas
656 1765 692 1807 a
751 1748 1000 1807 Catilina
1059 1754 1432 1819 exspectant:
1501 1765 1630 1807 meo
1687 1746 1970 1807 beneficio
2023 1747 2257 1807 tabulae

89 1850 230 1895 novae
280 1835 673 1910 proferentur,
738 1853 939 1895 verum
1004 1835 1427 1905 auctionariae;
1502 1852 1694 1910 nequo
1755 1836 1910 1895 enim
1969 1838 2097 1910 isti,
2162 1836 2260 1909 qui

91 1926 433 1992 possessiones
488 1925 730 1997 habent,
792 1925 910 1983 alia
953 1922 1182 1982 ratione
1228 1924 1349 1982 ulla
1395 1924 1538 1983 salvi
1584 1941 1712 1983 esse
1757 1931 2010 1998 possunt.
2096 1924 2260 1996 Quod

92 2010 125 2065 si
154 2015 414 2072 maturius
475 2013 674 2071 facere
720 2012 1035 2070 voluissent
1094 2028 1281 2084 neque
1298 2057 1314 2085 ,
1369 2011 1430 2070 id
1485 2011 1634 2085 quod
1691 2011 2090 2071 stultissimum
2154 2019 2259 2085 est,

94 2106 270 2159 certare
315 2118 450 2159 cum
506 2101 693 2159 usuris
742 2098 1024 2159 fructibus
1078 2099 1476 2174 praediorum,
1530 2104 1591 2159 et
1645 2099 2117 2174 locupletioribus
2169 2099 2261 2158 his

94 2193 133 2242 et
179 2190 508 2249 melioribus
577 2187 795 2247 civibus
861 2195 1173 2247 uteremur.
1294 2188 1410 2247 Sed
1466 2189 1639 2248 hosce
1701 2189 1963 2248 homines
2028 2190 2261 2248 minime

96 2283 187 2344 puto
225 2276 745 2350 pertimescendos,
809 2276 962 2350 quod
1008 2282 1108 2334 aut
1152 2276 1363 2335 deduci
1408 2275 1480 2335 de
1525 2278 1817 2336 sententia
1859 2283 2100 2351 possunt
2142 2283 2261 2351 aut,

98 2362 126 2417 si
160 2366 605 2438 permanebunt,
670 2365 851 2437 magis
912 2365 1054 2423 mihi
1099 2363 1367 2424 videntur
1409 2371 1543 2423 vota
1601 2364 1814 2424 facturi
1877 2371 2080 2424 contra
2137 2383 2261 2424 rem

91 2450 326 2519 publicam
389 2469 567 2526 quam
621 2468 783 2510 arma
840 2453 1032 2511 laturi.
1150 2453 1416 2511 Alterum
1476 2469 1660 2526 genus
1722 2459 1812 2512 est
1862 2471 2087 2524 eorum,
2163 2455 2260 2526 qui
2280 2457 2323 2523 9

89 2554 389 2615 quamquam
446 2546 788 2614 premuntur
832 2557 971 2600 aere
1029 2540 1218 2599 alieno
1237 2584 1252 2613 ,
1315 2541 1765 2601 dominationem
1818 2547 2012 2600 tamen
2059 2558 2260 2615 exspe—
2285 2553 2362 2610 19

88 2631 232 2702 etant,
275 2646 480 2687 rerum
523 2629 696 2701 potiri
741 2628 972 2703 volunt,
1030 2629 1304 2702 honoreS,
1351 2644 1492 2701 quos
1538 2630 1737 2702 quieta
1774 2646 1837 2687 re
1882 2629 2117 2702 publica
2161 2628 2262 2687 de-

86 2723 306 2791 sperant,
369 2716 714 2789 perturbata
759 2716 1033 2788 consequi
1080 2732 1141 2773 se
1187 2732 1359 2789 posse
1406 2717 1777 2776 arbitrantur.
1890 2716 2108 2788 Quibus
2152 2717 2263 2776 hoc

87 2805 525 2878 praecipiendum
596 2804 853 2877 videtur,
929 2821 1104 2861 unum
1169 2804 1394 2863 scilicet
1464 2810 1525 2862 et
1588 2805 1744 2863 idem
1811 2805 1962 2877 quod
2028 2805 2264 2877 reliquis

87 2892 337 2968 omnibus,
387 2898 454 2950 ut
499 2890 816 2965 desperent
859 2908 922 2950 se
970 2892 1054 2967 id,
1110 2891 1260 2964 quod
1304 2898 1605 2966 conantur,
1663 2893 1937 2965 consequi
1991 2909 2159 2967 posse
2177 2888 2263 2973 Ξ’);

85 2979 289 3045 primum
335 2981 614 3053 omnium,
661 2995 754 3037 me
799 2980 988 3052 ipsum
1027 2980 1287 3054 vigilare,
1332 2980 1556 3054 adesse,
1600 2980 1906 3054 providere
1952 2982 2042 3039 rei
2082 2979 2266 3053 publi-

86 3080 191 3140 cae,
254 3068 507 3141 deinde,
553 3084 791 3140 magnos
838 3070 1057 3127 animos
1103 3084 1231 3127 esse
1269 3069 1331 3126 in
1375 3068 1540 3127 bonis
1585 3070 1753 3142 viriS,
1820 3084 2086 3143 magnam
2132 3085 2265 3127 con-

84 3113 303 3214 cordiam
361 3158 426 3214 in
486 3152 775 3231 [maxima]
837 3156 1204 3215 multitudine
1226 3149 1305 3236 ⁸),
1395 3173 1636 3230 magnas
1695 3162 2005 3231 praeterea
2071 3157 2268 3230 copias

84 3243 328 3319 militum3
390 3245 531 3303 deos
576 3243 824 3316 denique
887 3245 1242 3302 immortales
1302 3245 1439 3302 huic
1497 3246 1712 3304 invicto
1767 3245 2008 3318 populo,
2069 3245 2267 3304 claris-

86 3329 198 3389 simo
259 3333 534 3406 imperi0,
610 3331 1029 3405 pulcherrimae
1095 3332 1225 3389 urbi
1292 3337 1495 3391 contra
1564 3339 1782 3391 tantam
1849 3333 1964 3390 vim
2030 3332 2270 3392 sceleris

84 3426 395 3487 praesentes
456 3420 732 3478 auxilium
797 3435 925 3477 esse
980 3421 1218 3479 laturos.
1323 3419 1485 3491 Quod
1542 3422 1591 3480 si
1638 3421 1753 3480 iam
1805 3421 1919 3480 sint
1974 3421 2061 3496 id,
2119 3422 2272 3495 quod

87 3519 190 3564 cum
242 3526 462 3567 summo
518 3505 714 3567 furore
778 3508 1043 3582 cupiunt,
1104 3507 1330 3582 adepti,
1395 3525 1529 3566 num
1590 3509 1677 3567 illi
1735 3509 1796 3568 in
1853 3510 2050 3570 cinere
2112 3511 2272 3569 urbis

203 3726 253 3792 1)
290 3726 480 3779 volwnt
525 3722 680 3778 codd.
725 3723 948 3792 aliquot.
1163 3723 1218 3791 2)
1270 3739 1324 3776 se
1376 3726 1432 3777 et
1475 3725 1727 3792 consequi
1769 3741 1927 3806 posse
1972 3742 2090 3779 unc.
2145 3726 2271 3779 incl.

84 3790 352 3849 Eberhard.
485 3795 540 3861 3)
578 3794 666 3849 Sic
702 3811 801 3848 nos
836 3793 1174 3863 scripsimus3
1217 3792 1370 3847 codd.
1417 3794 1658 3866 plerique
1694 3795 1992 3850 maximam
2025 3795 2271 3854 multitu

90 3860 271 3930 dbroevn,
314 3865 456 3937 quod
490 3864 643 3919 uncis
678 3864 804 3920 incl.
840 3865 1033 3929 Halm,
1072 3864 1361 3921 Eberhard.
