2669 4354
426 249 552 306 324
1178 260 1458 301 ACCVSAT.
1503 261 1569 299 m
1614 261 1864 301 VERREM

426 437 704 510 singulari
751 452 926 509 opere
973 433 1331 506 artificioque
1384 433 1727 507 perfectum.
1834 435 1960 492 Hoc
2009 437 2354 494 translatum
2401 437 2618 494 Kartha-

424 527 620 597 ginem
679 526 867 581 locum
927 528 1149 580 tantum
1203 522 1578 594 hominesque
1650 528 1932 596 mutarat,
2008 524 2352 597 religionem
2415 525 2618 596 quidem

424 613 724 685 pristinam
801 610 1213 683 conservabat,
1292 627 1426 667 nam
1498 614 1737 682 propter
1812 611 2075 669 eximiam
2158 612 2618 683 pulchritudinem

427 701 602 757 etiam
665 699 925 757 hostibus
1001 697 1202 770 digna,
1278 715 1451 770 quam
1528 698 1889 756 sanctissime
1958 699 2244 771 colerent,
2324 700 2617 758 videbatur.

323 792 404 849 73
423 788 660 860 Aliquot
715 786 964 844 saeculis
1018 792 1146 858 post
1194 785 1260 843 P.
1305 785 1498 858 Scipio
1560 784 1747 858 [bello
1799 786 2016 843 Punico
2062 785 2258 861 tertio]
2285 781 2335 858 l)
2395 788 2617 846 Kartha-

426 877 618 948 ginem
680 875 863 946 cepit3
933 890 1047 945 qua
1102 874 1161 929 in
1217 873 1457 930 victoria
1516 906 1597 913 —
1662 873 1855 931 videte
1927 874 2170 931 hominis
2240 875 2517 934 virtutem
2574 882 2617 931 et

426 963 811 1035 diligentiam,
889 967 952 1018 ut
1009 966 1067 1019 et
1119 961 1449 1018 domesticis
1515 960 2015 1032 praeclarissimae
2074 962 2307 1019 virtutis
2366 964 2619 1036 exemplis

423 1050 722 1124 gaudeatis
784 1055 846 1107 et
896 1065 965 1106 eo
1021 1049 1238 1106 maiore
1299 1048 1431 1105 odio
1487 1048 1717 1119 dignam
1779 1049 1943 1106 istius
2003 1049 2408 1107 incredibilem
2467 1051 2620 1108 auda·

425 1139 574 1196 ciam
627 1136 893 1195 iudicetis
955 1167 1039 1177 —
1094 1137 1423 1194 convocatis
1476 1135 1685 1194 Siculis
1747 1137 2033 1210 omnibUS,
2111 1138 2262 1209 quod
2323 1139 2621 1196 diutissime

424 1225 874 1298 saepissimeque
923 1224 1176 1282 Siciliam
1224 1229 1490 1282 vexatam
1547 1239 1582 1280 a
1628 1223 2210 1298 Karthaginiensibus
2257 1242 2386 1283 esse
2435 1243 2621 1300 cogno-

425 1319 543 1386 rat,
608 1311 772 1369 iubet
825 1312 1017 1369 omnia
1076 1311 1364 1383 conquiri,
1439 1310 1749 1384 pollicetur
1799 1311 1908 1369 sibi
1965 1329 2210 1384 magnae
2266 1330 2441 1371 curae
2501 1315 2623 1385 fore,

423 1407 488 1457 ut
547 1401 738 1458 omnia
803 1400 1155 1472 civitatibuS,
1233 1414 1383 1471 quae
1459 1399 1732 1471 cuiusque
1807 1399 2081 1472 fuissent,
2172 1402 2621 1461 restituerentur.

425 1489 569 1545 Tum
614 1488 741 1557 illa,
801 1504 948 1560 quae
996 1487 1284 1558 quondam
1337 1491 1501 1544 erant
1545 1486 1785 1545 Himera
1833 1488 2086 1560 sublata,
2147 1488 2220 1546 de
2276 1490 2483 1562 quibus
2542 1507 2621 1548 an-

315 1624 321 1629 .
424 1582 524 1635 tea
544 1568 596 1655 ²)
636 1575 781 1648 dixi,
845 1575 1236 1632 Thermitanis
1275 1580 1408 1633 sunt
1450 1574 1705 1632 reddita:
1764 1579 1886 1632 tum
1930 1575 2046 1632 alia
2092 1573 2461 1651 GelensibUS,
2526 1579 2621 1635 alia

422 1663 847 1737 Agrigentinis,
908 1662 969 1718 in
1014 1663 1218 1733 quibus
1273 1663 1449 1719 etiam
1500 1662 1600 1719 ille
1656 1663 1863 1720 nobilis
1920 1669 2150 1731 tauruS,
2217 1682 2390 1736 quem
2438 1665 2621 1723 crude·

422 1752 670 1809 lissimus
745 1750 995 1808 omnium
1070 1756 1443 1822 tyrannorum
1516 1749 1780 1807 Phalaris
1855 1750 2128 1809 habuisse
2204 1752 2445 1829 dicitur,
2532 1769 2622 1825 quo

423 1841 580 1897 vivos
627 1838 890 1911 supplicii
950 1853 1122 1894 causa
1167 1837 1475 1895 demittere
1534 1837 1793 1895 homines
1850 1844 1910 1895 et
1928 1831 1980 1916 3)
2030 1839 2295 1898 subicere
2353 1839 2618 1898 flammam

422 1928 660 1985 solebat.
795 1926 978 1996 Quem
1057 1929 1285 1982 taurum
1371 1942 1497 1982 cum
1584 1925 1776 1997 Scipio
1863 1925 2140 1984 redderet
2215 1929 2618 2002 Agrigentinis,
2658 1978 2659 2003 ἢ

423 2015 634 2072 dixisse
688 2012 901 2070 dicitur
955 2029 1202 2083 aequum
1255 2028 1383 2070 esse
1441 2012 1572 2069 illos
1629 2014 1913 2086 cogitare,
1982 2019 2171 2071 utrum
2228 2022 2387 2074 esset
2442 2013 2616 2092 [Agri-
2658 2006 2659 2085 l

422 2100 693 2175 gentinis]
714 2093 766 2181 4)
824 2100 1023 2157 utilius
1066 2100 1260 2157 suisne
1307 2100 1526 2157 servire
1575 2117 1725 2158 anne
1747 2095 1801 2179 ⁶)
1858 2103 2068 2174 populo
2109 2101 2370 2161 Romano
2415 2104 2619 2162 obtem·
2658 2114 2659 2135 *

421 2206 659 2263 perare,
727 2205 857 2246 cum
917 2189 1068 2246 idem
1125 2194 1562 2246 monumentum
1619 2195 1678 2246 et
1737 2190 2089 2248 domesticae
2145 2191 2506 2251 crudelitatis
2564 2199 2614 2249 et

420 2282 654 2335 nostrae
696 2275 1158 2335 mansuetudinis
1205 2277 1507 2334 haberent.

318 2363 407 2430 34
599 2365 704 2422 Illo
749 2370 1007 2436 tempore
1054 2363 1388 2436 Segestanis
1433 2364 1681 2421 maxima
1723 2380 1853 2420 cum
1901 2381 2042 2422 cura
2082 2366 2225 2423 haec
2269 2367 2399 2439 ipsa
2430 2367 2615 2436 Diana,

323 2457 403 2513 74
426 2452 498 2510 de
545 2469 661 2524 qua
705 2453 974 2525 dicimuS,
1013 2451 1305 2520 redditur3
1351 2456 1684 2524 reportatur
1730 2452 2057 2525 Segestam,
2114 2453 2174 2509 in
2219 2456 2341 2511 suis
2388 2455 2617 2527 antiquis

424 2540 658 2598 sedibus
720 2556 941 2597 summa
1002 2557 1131 2596 cum
1188 2540 1580 2610 gratulatione
1640 2540 1851 2597 civium
1909 2546 1968 2598 et
2034 2541 2262 2599 laetitia
2319 2544 2618 2616 reponitur.

423 2628 587 2687 Haec
629 2633 755 2685 erat
799 2628 985 2699 posita
1030 2626 1309 2698 Segestae
1351 2642 1490 2684 sane
1540 2628 1769 2685 excelsa
1822 2629 1879 2685 in
1924 2629 2080 2700 basi,
2137 2635 2197 2685 in
2246 2647 2366 2710 qua
2411 2628 2622 2704 grandi-

424 2717 532 2775 bus
576 2716 786 2773 litteris
826 2715 888 2771 P.
935 2714 1196 2772 Africani
1244 2730 1456 2772 nomen
1508 2720 1636 2772 erat
1689 2716 1935 2773 incisum
1983 2733 2232 2788 eumque
2280 2718 2621 2790 Karthagine

424 2809 595 2876 capta
638 2803 964 2861 restituisse
1009 2802 1408 2874 perscriptum.
1516 2801 1831 2860 Colebatur
1870 2819 1905 2860 a
1949 2805 2197 2878 civibuS,
2256 2806 2329 2864 ab
2376 2805 2621 2863 omnibus
2656 2877 2657 2884 ἵ

423 2891 661 2950 advenis
704 2890 1027 2948 visebatur:
1096 2906 1225 2948 cum
1285 2896 1559 2962 quaestor
1613 2906 1831 2964 essem,
1886 2891 2032 2949 nihil
2082 2893 2223 2949 mihi
2280 2894 2351 2951 ab
2396 2894 2505 2951 illis
2544 2891 2658 2964 estJ

423 2980 874 3038 demonstratum
939 2978 1114 3049 prius.
1247 2977 1394 3035 Erat
1457 2978 1766 3035 admodum
1828 2981 2079 3051 amplum
2147 2986 2206 3038 et
2270 2982 2549 3039 excelsum
2574 2971 2657 3052 ⁶)}

421 3069 648 3141 signum
688 3083 817 3123 cum
858 3066 1032 3137 stola,
1079 3082 1280 3123 verum
1325 3071 1519 3124 tamen
1559 3066 1751 3124 inerat
1788 3066 1848 3122 in
1892 3067 1994 3124 illa
2039 3069 2437 3142 magnitudine
2470 3073 2623 3126 aetas

420 3161 597 3228 atque
643 3155 875 3212 habitus
918 3153 1243 3225 virginalis:
1299 3153 1547 3225 sagittae
1594 3153 1929 3225 pendebant
1994 3155 2064 3213 ab
2117 3174 2345 3229 umero;
2382 3157 2623 3230 ⁸sinistra

421 3261 596 3302 manu
662 3240 954 3300 retinebat
1022 3257 1248 3309 arcum;
1327 3240 1534 3298 dextra
1609 3240 1909 3300 ardentem
1988 3242 2176 3301 facem
2248 3243 2655 3316 praeferebat.¹

319 3335 399 3395 75
421 3333 586 3391 Hanc
619 3348 749 3389 cum
793 3330 904 3388 iste
947 3345 1242 3387 sacrorum
1277 3329 1531 3386 omnium
1581 3335 1641 3386 et
1686 3330 2035 3401 religionum
2080 3332 2261 3389 hostis
2302 3331 2620 3405 praedoque

598 3583 650 3646 1)
718 3580 852 3634 bello
902 3577 1120 3632 Punico
1175 3578 1333 3632 tertio
1383 3576 1508 3630 incl.
1566 3577 1740 3645 Bake,
1812 3577 2002 3648 Halm,
2066 3578 2367 3647 Eberhard,
2426 3579 2616 3633 Miiller.

422 3650 476 3717 2)
540 3650 630 3704 Sic
676 3652 789 3706 cod.
827 3650 989 3717 Reg.;
1034 3651 1230 3716 Zumpt
1283 3666 1345 3701 ex
1383 3648 1563 3701 Guelf.
1614 3656 1758 3703 ante.
1974 3652 2027 3716 3)
2078 3652 2172 3703 cui
2220 3652 2341 3705 add.
2388 3651 2617 3703 Lambin.

419 3724 475 3789 4)
513 3722 645 3775 Unc.
681 3737 794 3789 pos,
834 3718 1116 3781 Garatoni,
1156 3718 1460 3784 Eberhard,
1501 3719 1722 3782 Miiller3
1763 3720 1913 3773 codd.
1955 3720 2086 3773 dett.
2128 3720 2343 3775 Sicu-lis,
2461 3724 2509 3786 5)
2537 3717 2617 3770 Sic

422 3791 533 3844 cod.
573 3791 737 3858 Reg.;
773 3805 876 3855 an,
915 3789 1050 3856 quod
1091 3790 1250 3855 vulgo
1289 3789 1516 3857 legitur,
1557 3789 1715 3842 etiam
1757 3789 1814 3840 in
1853 3790 2026 3843 Guelf.
2068 3796 2164 3844 est.
2292 3795 2346 3858 6)
2383 3797 2430 3844 et
2463 3787 2616 3841 excel-

423 3876 546 3912 sum
586 3857 840 3912 Schwabe
879 3859 914 3911 l.
955 3876 996 3911 c,
1034 3860 1193 3914 delet.
