2669 4354
427 226 553 285 214
1417 243 1637 286 emmo

2466 314 2609 321 —-

327 424 401 479 17
425 419 732 494 exsanguis
752 412 841 498 ¹)‘?
888 450 969 459 —
1016 417 1120 475 sed
1162 415 1274 476 fuit
1316 416 1578 490 profecto
1625 417 1911 490 quaedam
1953 417 2056 476 illa
2091 419 2182 477 rei
2227 419 2490 491 publicae
2517 419 2610 478 for-

423 513 567 565 tuna
623 506 843 580 fatalis,
899 511 963 563 ut
1017 506 1119 563 ille
1177 522 1388 564 caecus
1434 511 1608 578 atque
1670 522 1870 564 amens
1912 505 2179 564 tribunus
2217 509 2295 579 pl.
2341 509 2609 566 nancisce-

422 601 587 653 retur
633 627 713 635 -—
761 593 898 667 quid
959 594 1184 651 dicam?
1232 626 1312 634 -—
1361 594 1663 652 consules?
1717 625 1786 634 —-
1855 593 2063 652 hocine
2111 600 2177 652 ut
2237 612 2346 667 ego
2405 598 2610 655 nomine

423 684 713 756 appellem
774 698 1073 741 eversores
1126 681 1297 739 huius
1340 682 1572 754 imperii
1591 726 1605 755 ,
1669 681 1995 753 proditores
2041 688 2272 740 vestrae
2320 684 2611 757 dignitatiS,

420 772 616 830 hostes
673 771 950 829 bonorum
1012 769 1305 827 omnium?
1361 770 1457 841 qui
1519 769 1595 827 ad
1640 769 1949 827 delendum
2005 775 2299 844 senatum,
2362 771 2611 845 adfligen-

421 859 558 916 dum
615 863 942 931 equestrem
1005 857 1291 931 ordinem,
1356 856 1778 929 exstinguenda
1832 858 2026 915 omnia
2079 860 2210 916 iura
2255 865 2427 931 atque
2469 858 2612 919 insti-

422 952 546 1004 tuta
612 947 893 1004 maiorum
964 961 1028 1003 se
1106 944 1225 1002 illis
1308 944 1561 1003 fascibus
1632 944 1960 1016 ceterisque
2041 947 2364 1020 insignibus
2433 950 2610 1006 summi

421 1034 652 1092 honoris
698 1039 871 1106 atque
915 1033 1148 1105 imperii
1194 1038 1429 1090 ornatos
1475 1049 1604 1091 esse
1652 1032 2100 1093 arbitrabantur.
2193 1034 2470 1111 Quorum,
2524 1055 2614 1110 per

422 1123 563 1180 deos
637 1120 1021 1179 immortales!
1095 1121 1142 1177 si
1227 1120 1482 1178 nondum
1562 1120 1791 1178 scelera
1865 1121 2215 1195 volneraque
2284 1123 2482 1183 inusta
2540 1127 2612 1184 rei

419 1209 688 1283 publicae
738 1209 905 1266 voltis
959 1207 1284 1281 recordari,
1346 1209 1562 1266 voltum
1630 1213 1803 1279 atque
1865 1207 2153 1267 incessum
2198 1212 2407 1269 animis
2449 1215 2615 1271 intue-

420 1298 579 1355 mini.
669 1297 923 1354 Facilius
977 1312 1174 1353 eorum
1231 1294 1389 1354 facta
1445 1300 1754 1355 occurrent
1797 1298 2090 1356 mentibus
2135 1300 2376 1374 vestris,
2440 1303 2486 1360 si
2528 1318 2615 1359 ora

419 1386 546 1458 ipsa
590 1385 768 1443 oculis
803 1383 1231 1457 proposueritis.

357 1467 401 1532 8
594 1472 761 1530 Alter
832 1470 1140 1544 unguentis
1204 1469 1491 1545 adfluens,
1571 1473 1968 1534 calamistrata
2033 1490 2227 1546 coma,
2306 1474 2614 1548 despiciens

322 1562 398 1618 18
420 1561 677 1619 conscios
730 1564 1056 1632 stuprorum
1111 1574 1181 1617 ac
1221 1564 1452 1617 veteres
1497 1566 1799 1621 vexatores
1845 1561 2141 1621 aetatulae
2177 1578 2319 1620 suae
2337 1607 2353 1636 ,
2411 1566 2613 1636 puteali

419 1655 479 1707 et
522 1646 950 1707 faeneratorum
996 1646 1265 1720 gregibus
1309 1645 1545 1705 inflatus
1562 1692 1577 1721 ,
1637 1666 1674 1706 a
1718 1650 1925 1721 quibus
1965 1652 2288 1722 compulsus
2326 1652 2493 1726 olim,
2552 1669 2612 1709 ne

417 1737 478 1794 in
546 1737 810 1810 Scyllaeo
880 1735 982 1793 illo
1041 1735 1195 1792 aeris
1265 1735 1445 1793 alieni
1511 1740 1803 1808 tamquam
1871 1737 2023 1797 fretu
2047 1733 2100 1816 ²)
2169 1739 2245 1796 ad
2306 1739 2658 1804 columnam¹

417 1825 892 1896 adhaeresceret,
971 1822 1032 1878 in
1096 1822 1419 1879 tribunatus
1486 1829 1714 1895 portum
1781 1825 2153 1900 perfugerat,
2222 1830 2658 1892 contemnebat}

417 1914 642 1985 equites
669 1911 979 1983 RomanoS,
1022 1910 1401 1968 minitabatur
1445 1914 1690 1985 senatui,
1734 1914 2072 1972 venditabat
2114 1931 2178 1972 se
2223 1916 2418 1987 operis
2460 1921 2613 1989 atque

415 2000 490 2058 ab
546 2001 618 2057 iis
679 2016 742 2058 se
790 2003 1049 2071 ereptum
1069 2042 1083 2071 ,
1141 2014 1217 2055 ne
1263 1998 1337 2056 de
1383 2000 1603 2056 ambitu
1648 2016 1880 2059 causam
1926 2001 2181 2075 diceret,
2236 2004 2615 2075 praedicabat,

417 2089 489 2146 ab
533 2088 830 2160 isdemque
893 2102 956 2144 se
1005 2087 1180 2144 etiam
1226 2085 1408 2144 invito
1447 2092 1652 2144 senatu
1695 2089 2050 2160 provinciam
2096 2106 2336 2163 sperare
2388 2091 2614 2163 dicebat,
2657 2041 2658 2134 l

418 2193 657 2249 eamque
699 2175 810 2234 nisi
854 2173 1097 2247 adeptus
1144 2179 1331 2248 esset,
1392 2191 1456 2232 se
1502 2175 1846 2236 incolumem
1893 2179 2052 2236 nullo
2092 2176 2259 2237 modo
2303 2177 2434 2239 fore
2481 2181 2613 2238 arbi-

315 2266 394 2323 19
417 2265 696 2323 trabatur.
785 2263 978 2335 Alter,
1038 2279 1073 2320 o
1135 2263 1195 2320 di
1240 2262 1402 2320 boni!
1462 2279 1631 2334 quam
1678 2270 1871 2323 taeter
1913 2266 2253 2341 incedebat,
2299 2286 2474 2340 quam
2514 2276 2612 2327 tru-

415 2353 679 2410 culentus
700 2394 716 2423 ,
761 2366 934 2422 quam
969 2350 1248 2408 terribilis
1292 2351 1559 2421 aspectu!
1617 2369 1792 2410 unum
1835 2354 2090 2426 aliquem
2135 2360 2195 2412 te
2252 2371 2326 2413 ex
2372 2356 2611 2415 barbatis

413 2441 560 2511 illis,
607 2439 929 2511 exemplum
973 2437 1205 2510 imperii
1255 2439 1502 2512 veteris,
1560 2440 1874 2512 imaginem
1920 2442 2316 2517 antiquitatis,
2365 2446 2611 2503 columen

414 2528 505 2585 rei
563 2527 832 2600 publicae
893 2525 1123 2584 diceres
1179 2526 1417 2584 intueri.
1518 2526 1776 2587 Vestitus
1838 2545 2046 2602 aspere
2092 2537 2295 2589 nostra
2337 2532 2452 2590 hac
2497 2551 2610 2606 pur-

411 2631 555 2688 pura
599 2614 835 2688 plebeia
880 2630 948 2671 ac
992 2630 1184 2687 paene
1228 2613 1416 2683 fusca3
1476 2615 1687 2686 capillo
1728 2616 1811 2674 ita
1855 2617 2118 2691 horride,
2180 2625 2245 2678 ut
2291 2618 2524 2694 Capua,
2565 2621 2611 2676 in
2655 2682 2656 2685 Ἴ

413 2719 527 2776 qua
582 2704 708 2775 ipse
773 2707 893 2759 tum
954 2701 1223 2775 imaginis
1288 2701 1586 2760 ornandae
1646 2719 1820 2762 causa
1879 2704 2303 2765 duumviratum
2363 2710 2612 2782 gerebat,
2655 2750 2656 2755 η

412 2791 728 2864 Seplasiam
797 2789 1125 2848 sublaturus
1178 2788 1496 2849 videretur.
1601 2790 1753 2848 Nam
1817 2792 1952 2864 quid
2005 2810 2114 2867 ego
2178 2795 2252 2853 de
2316 2798 2613 2870 supercilio
2655 2794 2656 2871 ᾗ

411 2870 632 2952 dicam,
692 2877 842 2950 quod
901 2882 1022 2935 tum
1077 2877 1402 2935 hominibus
1460 2894 1578 2935 non
1632 2880 2035 2954 supercilium,
2113 2882 2217 2947 sed
2276 2884 2489 2957 pignus
2541 2885 2611 2942 rei
2655 2876 2656 2963 ]

408 2968 677 3040 publicae
737 2965 1076 3025 videbatur?
1166 2965 1355 3022 Tanta
1409 2969 1541 3023 erat
1601 2968 1855 3038 gravitas
1912 2969 1973 3025 in
2019 2971 2215 3046 oculo,
2276 2978 2445 3030 tanta
2496 2990 2614 3032 con·
2655 2968 2656 3047 l

409 3056 618 3114 tractio
686 3053 892 3112 frontis
911 3097 926 3127 ,
996 3058 1059 3110 ut
1126 3053 1226 3110 illo
1295 3054 1605 3125 supercilio
1675 3070 1859 3112 annus
1925 3056 2024 3114 ille
2050 3051 2105 3137 ³)
2174 3059 2286 3118 niti
2334 3067 2611 3134 tamquam

306 3143 388 3200 20
406 3144 552 3203 vade
574 3137 628 3223 ⁴)
690 3141 1001 3201 videretur.
1093 3140 1240 3198 Erat
1300 3141 1396 3198 hic
1464 3141 1716 3199 omnium
1783 3158 2002 3203 sermo:
2077 3152 2209 3219 „est
2275 3153 2475 3207 tamen
2537 3148 2612 3207 rei

549 3376 602 3442 1)
639 3371 937 3440 eaesanyuis
964 3371 1143 3436 Koch,
1181 3370 1374 3433 Halm,
1411 3368 1709 3435 Eberhard,
1749 3371 1944 3424 insani
1962 3373 2138 3437 codd.‚
2175 3376 2339 3444 vulgo
2365 3376 2612 3444 infamis;

406 3445 646 3512 Koechly
703 3444 835 3497 coni.
883 3441 1157 3496 eoehausti.
1372 3441 1426 3506 2)
1465 3440 1554 3494 Sic
1592 3441 1852 3508 Seyffert,
1909 3443 2099 3507 Halm,
2155 3444 2351 3500 Eberh.
2399 3448 2461 3499 in
2498 3450 2610 3500 ante

404 3515 571 3585 Scyll.
615 3517 671 3567 et
700 3519 981 3579 tamquam
1021 3512 1176 3566 deest
1211 3511 1271 3563 in
1307 3509 1478 3581 codd.‚
1526 3510 1691 3565 habet
1740 3511 1915 3566 Schol.
1963 3513 2093 3568 Bob.
2112 3555 2129 3581 ,
2173 3516 2239 3566 in
2286 3517 2437 3582 fretu
2470 3516 2605 3571 codd.

405 3587 462 3651 3)
500 3585 587 3638 Sic
623 3584 883 3647 Lambin;
942 3583 1092 3637 codd.
1134 3582 1220 3635 vel
1266 3587 1478 3634 antuus
1513 3580 1636 3645 ille,
1693 3583 1779 3635 vel
1816 3590 2104 3637 auant-uus·
2137 3585 2254 3649 ale,
2312 3589 2450 3642 unde
2494 3604 2606 3640 con-

403 3656 652 3721 sulatus,
701 3654 787 3707 vel
842 3654 1200 3721 magistratus
1255 3650 1348 3704 ille
1399 3652 1509 3704 alia
1566 3651 1718 3705 editt.
1772 3668 1871 3708 scr.
1929 3655 2151 3708 anticus
2204 3673 2309 3711 cos,
2360 3658 2448 3711 ille
2481 3657 2604 3711 coni.

402 3726 590 3779 Hertz.
803 3725 859 3790 4)
901 3722 1038 3776 vade
1083 3724 1236 3777 deest
1284 3721 1344 3774 in
1380 3720 1562 3783 codd.‚
1611 3722 1828 3776 addidit
1866 3724 2090 3794 Madvig
2129 3742 2190 3779 ex
2227 3727 2408 3782 Valer.
2444 3729 2604 3782 Probo

401 3814 452 3866 p.
485 3796 617 3851 1461
668 3797 725 3848 et
763 3794 913 3848 1475.
989 3795 1185 3847 Totum
1224 3793 1399 3845 locum
1451 3792 1635 3844 Tanta
1669 3825 1736 3832 —
1768 3792 2044 3848 videretur
2090 3796 2242 3850 Bake
2294 3804 2349 3852 et
2396 3800 2603 3865 Kayser,

399 3873 463 3922 ut
489 3867 585 3920 illo
624 3898 689 3904 —
725 3865 998 3919 videretur
1034 3862 1310 3917 Eberhard
1346 3880 1465 3916 unc.
1504 3863 1630 3917 incl.
