2669 4354
927 227 1040 267 PRO
1085 226 1352 267 MVRENA.
2129 213 2247 270 147

65 400 261 471 utrique
322 399 559 471 negotio
626 399 767 456 satis
825 398 1022 457 facere
1072 401 1285 472 posse?
1353 399 1730 456 vehementer
1793 401 2019 459 errasti.
2111 400 2251 471 Quis

63 489 192 544 enim
232 487 352 545 dies
398 486 536 559 fuit,
594 492 795 559 postea
836 501 1004 559 quam
1050 486 1110 544 in
1169 487 1339 544 istam
1398 487 1710 544 accusandi
1752 486 2250 546 denuntiationem

60 576 323 646 ingressus
369 592 461 647 63,
526 592 695 646 quem
738 580 802 631 tu
847 591 963 631 non
1008 578 1192 632 totum
1245 575 1306 632 in
1351 575 1466 632 ista
1512 574 1737 632 ratione
1794 577 2253 648 consumpseris?

58 662 250 735 Legem
295 663 542 720 ambitus
582 662 890 735 flagitasti,
936 677 1083 733 quae
1131 661 1237 718 tibi
1272 678 1389 718 non
1435 660 1665 735 deerat3
1711 667 1840 719 erat
1885 663 2040 720 enim
2086 680 2250 722 seve·
2271 664 2359 733 23

57 751 251 808 tissime
296 750 515 822 scripta
561 749 901 821 Calpurnia:
964 754 1160 821 gestus
1209 752 1297 805 est
1355 765 1477 806 mos
1524 755 1584 806 et
1629 750 1912 807 voluntati
1961 755 2020 807 et
2066 750 2250 824 digni-

56 838 148 894 tati
196 844 347 896 tuae.
440 836 556 895 Sed
618 842 742 895 tota
806 837 907 893 illa
974 836 1069 894 lex
1136 836 1566 894 accusationem
1632 842 1827 911 tuam,
1893 838 1942 895 si
1999 838 2250 897 haberes

54 930 330 983 nocentem
375 941 546 982 reum
562 970 577 998 ,
636 922 881 981 fortasse
929 928 1239 996 armasset3
1304 923 1571 995 petitioni
1614 940 1754 982 vero
1798 923 2095 999 refragata
2144 931 2250 984 est.

53 1012 224 1070 Poena
289 1013 521 1086 gravior
576 1012 637 1069 in
703 1011 932 1083 plebem
998 1017 1098 1068 tua
1171 1026 1312 1067 voce
1384 1009 1706 1083 efflagitata
1783 1017 1904 1070 est:
1981 1015 2249 1072 commoti
2268 1021 2349 1078 47

52 1100 206 1156 animi
249 1101 615 1173 tenuiorum3
660 1099 891 1156 exilium
937 1099 998 1154 111
1040 1103 1298 1155 nostrum
1342 1097 1635 1156 ordinem:
1683 1101 1970 1159 concessit
2014 1107 2247 1160 senatus

50 1188 403 1258 postulationi
450 1192 588 1244 tuae
607 1232 622 1261 ‚
684 1186 788 1244 sed
832 1203 950 1243 non
994 1183 1246 1242 libenter
1287 1185 1580 1243 duriorem
1635 1185 1904 1245 fortunae
1964 1190 2249 1247 communi

51 1274 425 1332 condicionem
467 1280 527 1332 te
574 1280 812 1332 auctore
861 1273 1190 1345 constituit3
1251 1272 1435 1330 morbi
1480 1274 1838 1331 excusationi
1895 1292 2088 1349 poena
2148 1276 2246 1333 ad-

50 1361 154 1418 dita
196 1368 315 1421 est:
375 1362 643 1419 voluntas
700 1359 920 1419 offensa
972 1360 1311 1432 multorum,
1370 1361 1577 1431 quibus
1629 1367 1730 1419 aut
1786 1368 1987 1421 contra
2029 1365 2250 1422 valetu-

48 1448 175 1507 dinis
235 1449 594 1508 commodum
643 1447 1024 1507 laborandum
1091 1451 1177 1503 est
1247 1453 1347 1505 aut
1405 1449 1764 1506 incommodo
1824 1449 2006 1508 morbi
2073 1452 2248 1509 etiam

48 1537 209 1594 ceteri
256 1539 413 1596 vitae
470 1535 693 1594 fructus
748 1534 1131 1607 relinquendi.
1234 1532 1383 1603 Quid
1444 1540 1620 1608 ergo‘?
1687 1536 1833 1594 haec
1889 1539 2017 1610 quis
2073 1540 2249 1596 tulit‘?

47 1624 120 1692 Is,
190 1625 289 1696 qui
338 1624 676 1682 auctoritati
720 1628 985 1696 senatus,
1055 1622 1334 1679 voluntati
1392 1627 1529 1680 tuae
1587 1624 1810 1696 paruit,
1886 1625 2134 1698 denique
2196 1627 2248 1684 is

47 1712 188 1784 tulit,
235 1712 332 1769 cui
379 1711 614 1769 minime
658 1710 972 1785 proderant
994 1706 1062 1789 1).
1166 1708 1312 1779 Quid
1338 1703 1432 1788 2)“Ρ
1478 1711 1613 1783 illa,
1660 1726 1806 1782 quae
1855 1729 1986 1770 mea
2030 1730 2248 1771 summa

47 1798 319 1857 voluntate
362 1804 601 1856 senatus
643 1797 916 1870 frequens
960 1796 1312 1871 repudiavit,
1375 1797 1744 1855 mediocriter
1789 1798 2096 1858 adversata
2141 1801 2248 1858 tibi

47 1901 154 1943 esse
200 1888 499 1944 existimas
515 1889 543 1942 ’ἓ
632 1885 1038 1943 Confusionem
1084 1883 1489 1957 suffragiorum
1534 1884 1835 1959 flagitasti,
1888 1889 2248 1959 perrogatio—

47 1990 156 2032 nem
180 1967 231 2054 3)
287 1974 440 2046 legis
498 1974 779 2031 Maniliae
798 2018 813 2045 ‚
869 1972 1273 2045 aequationem
1332 1973 1587 2047 gratiae,
1651 1971 1977 2048 dignitatiS,
2046 1974 2247 2032 suffra-

47 2061 278 2132 giorum:
354 2061 613 2133 graviter
655 2061 915 2119 homines
959 2060 1185 2117 honesti
1241 2065 1415 2132 atque
1472 2061 1533 2117 in
1588 2060 1703 2117 suis
1747 2060 2140 2120 vicinitatibus
2188 2067 2247 2120 et

47 2149 353 2222 municipiis
399 2149 640 2223 gratiosi
685 2150 976 2221 tulerunt,
1021 2164 1057 2206 a
1086 2148 1191 2205 tali
1224 2148 1346 2206 viro
1384 2163 1512 2206 6336
1542 2153 1860 2221 pugnatum
1878 2195 1893 2223 ,
1938 2154 2003 2207 ut
2047 2165 2246 2208 omnes

47 2242 94 2293 et
133 2238 437 2310 dignitatis
484 2243 543 2294 et
588 2237 811 2310 gratiae
853 2235 1069 2308 gradus
1113 2236 1478 2294 tollerentur.
1585 2236 1748 2294 Idem
1796 2236 2057 2296 editicios
2096 2238 2248 2295 iudi-

47 2341 124 2381 ces
168 2342 301 2383 esse
346 2324 609 2397 voluisti,
671 2329 739 2381 111
792 2324 925 2382 odia
970 2324 1198 2381 occulta
1221 2317 1276 2403 4)
1332 2323 1571 2397 civium,
1632 2339 1784 2395 quae
1841 2327 2034 2384 tacitis
2090 2342 2246 2384 nunc

47 2411 331 2470 discordiis
378 2412 775 2485 continentur,
835 2412 899 2469 in
950 2409 1212 2468 fortunas
1265 2411 1468 2484 optimi
1530 2411 1807 2482 cuiusque
1856 2419 2245 2486 erumperent.

47 2498 179 2558 Haec
235 2502 437 2558 omnia
482 2499 588 2557 tibi
634 2498 941 2557 accusandi
984 2499 1137 2556 viam
1204 2499 1569 2572 muniebant,
1631 2497 1988 2571 adipiscendi
2044 2502 2246 2559 obsae-
2266 2510 2348 2567 48

47 2589 392 2748 Ριθῦὃῗέᾳπ
441 2690 512 2730 ex
556 2673 821 2731 omnibus
865 2673 966 2731 illa
1005 2672 1180 2746 plaga
1227 2677 1315 2731 est
1373 2673 1591 2730 iniecta
1633 2673 1899 2745 petitioni
1942 2679 2079 2732 tuae
2128 2692 2245 2733 non

47 2765 252 2820 tacente
297 2779 392 2819 me
433 2761 713 2834 maxima3
778 2760 850 2818 de
897 2776 1012 2833 qua
1057 2761 1130 2819 ab
1170 2760 1402 2818 homine
1445 2760 1906 2832 ingeniosissimo
1953 2767 2014 2819 et
2054 2763 2247 2834 copio-

47 2849 247 2909 sissimo
270 2895 287 2923 ‚
338 2849 403 2920 Q.
431 2849 742 2906 Hortensio
761 2892 776 2922 ‚
852 2849 1033 2905 multa
1073 2848 1408 2922 gravissime
1455 2847 1612 2904 dicta
1658 2853 1806 2908 sunt.
1898 2847 2023 2918 Quo
2070 2849 2245 2907 etiam

47 2937 158 2994 mihi
218 2938 427 2996 durior
468 2938 630 2994 locus
678 2941 768 2993 est
812 2934 1044 2994 dicendi
1102 2935 1302 3005 datuS,
1366 2940 1461 3009 ut,
1521 2952 1652 2992 cum
1697 2941 1833 2993 ante
1888 2952 1978 2993 me
2040 2941 2099 2994 et
2143 2937 2242 2995 ille

47 3022 266 3083 dixisset
318 3030 380 3083 et
421 3025 510 3081 vir
548 3039 771 3082 summa
800 3022 1082 3097 dignitate
1124 3029 1183 3081 et
1227 3022 1532 3095 diligentia
1578 3027 1639 3080 et
1682 3022 1964 3081 facultate
1995 3023 2244 3099 dicendi,

47 3110 112 3167 M.
154 3112 433 3181 Crassu8‚
495 3126 604 3184 ego
648 3112 711 3168 in
756 3116 1019 3169 extremo
1065 3126 1183 3168 non
1247 3116 1475 3184 partem
1521 3110 1772 3183 aliquam
1829 3127 2065 3182 agerem
2112 3127 2247 3170 cau-

47 3213 161 3274 sae,
219 3200 331 3258 sed
377 3198 449 3257 de
494 3204 617 3256 tota
662 3215 728 3256 re
773 3198 1061 3272 dicerem,
1117 3198 1268 3270 quod
1321 3198 1463 3255 1111111
1503 3197 1816 3256 videretur.
1921 3199 2127 3271 Itaque
2183 3200 2245 3257 in

45 3285 207 3345 isdem
267 3287 448 3345 rebus
497 3284 624 3345 fere
678 3301 881 3343 versor
938 3290 1024 3359 et,
1099 3283 1289 3358 quoad
1348 3301 1605 3359 possum,
1682 3286 1935 3361 iudiceS,
2002 3303 2245 3345 occurro

47 3380 255 3433 vestrae
312 3374 589 3433 satietati.
695 3372 811 3431 Sed
862 3379 1088 3447 tamen,
1154 3373 1347 3441 Servi,
1418 3388 1590 3445 quam
1651 3378 1711 3431 te
1768 3375 2019 3432 securim
2073 3380 2246 3447 putas
2266 3378 2359 3446 24

47 3459 298 3520 iniecisse
342 3462 611 3536 petitioni
657 3465 795 3519 tuae
812 3506 827 3535 ‚
890 3477 1020 3519 cum
1063 3461 1337 3533 populum
1379 3459 1700 3518 Romanum
1746 3460 1808 3518 in
1855 3478 1985 3520 eum
2029 3468 2247 3520 metum

168 3696 222 3762 1)
253 3694 524 3763 proderat
551 3696 739 3747 contra
763 3693 915 3748 codd.
942 3693 1104 3746 Halm
1137 3708 1199 3746 ex
1223 3693 1461 3747 Ernestii
1488 3694 1623 3748 coni.
1653 3694 1884 3762 scripsit.
2016 3695 2069 3764 2)
2102 3653 2268 3764 Quid·

48 3762 322 3819 Lambinus
361 3764 587 3819 addidit.
769 3766 823 3831 3)
864 3763 949 3818 Sic
984 3765 1311 3824 Mommsem
1350 3763 1501 3817 codd.
1532 3779 1699 3831 prere
1734 3764 1974 3818 ationem
1985 3786 2005 3826 ‚·
2053 3766 2250 3834 Zumpt

48 3836 479 3904 proroyationem.
582 3835 638 3902 4)
678 3834 884 3888 occulta
923 3850 1025 3887 om.
1064 3835 1177 3887 cod.
1217 3833 1356 3887 Gud.
1374 3875 1387 3901 ,
1427 3834 1573 3888 Bake
1613 3837 1669 3889 et
1745 3850 1903 3903 ayser
1938 3838 2086 3890 uncis
2122 3837 2246 3889 incl.

121 3919 211 3963 cic.
244 3921 383 3965 cratt.
417 3920 528 3964 sen.
1731 3913 1812 3969 10
