2669 4354
688 235 801 278 PRO
847 239 976 279 snx.
1025 238 1233 280 Rosmo
1276 238 1573 279 ΑΜΕΒΙΝΟ.
2162 225 2241 282 41

49 411 368 469 nobilissimo
440 411 647 483 cuique
722 426 911 469 meam
976 411 1297 470 orationem
1354 412 1739 485 gratissimam
1810 428 1941 471 esse
2005 418 2248 485 oportet.

51 498 189 568 Quod
226 500 271 556 si
314 499 441 570 quis
491 505 606 570 est,
653 500 753 572 qui
800 505 862 557 et
901 515 964 557 se
1012 505 1072 557 et
1118 514 1350 557 causam
1393 499 1547 569 laedi
1591 504 1784 574 putet,
1831 517 1959 558 cum
2006 500 2250 574 Chryso-

49 603 207 657 gonus
261 587 645 662 vituperetur,
704 587 753 644 is
809 603 1044 645 causam
1089 586 1346 661 ignorat,
1408 604 1471 645 se
1527 588 1712 660 ipsum
1769 589 1951 661 probe
1974 582 2025 668 ¹)
2070 590 2247 648 novit.

53 674 214 732 Causa
278 676 432 733 enim
502 674 858 748 splendidior
919 673 1050 746 fiet,
1126 676 1175 731 si
1229 675 1582 747 nequissimo
1644 677 1851 748 cuique
1907 677 2247 735 resistetur:

49 763 131 819 ille
170 763 619 835 improbissimus
667 762 1021 836 Chrysogoni
1069 760 1289 836 fautor,
1345 764 1441 834 qui
1487 762 1596 821 sibi
1644 780 1774 820 cum
1817 765 1916 822 illo
1960 766 2249 823 rationem

51 851 496 910 communicatam
559 855 758 925 putat,
817 850 1096 923 laeditur,
1160 866 1288 908 cum
1343 850 1417 908 ab
1481 851 1589 909 hoc
1644 851 1917 923 splendor
1939 847 1991 933 ²)
2038 869 2248 912 causae

51 943 346 1011 separatur.

197 1025 408 1084 Verum
455 1027 603 1085 haec
643 1027 826 1084 omnis
870 1027 1085 1096 oratic,
1140 1031 1205 1083 ut
1247 1026 1365 1083 iam
1411 1031 1547 1084 ante
1593 1026 1744 1100 dixi,
1790 1042 1920 1085 mea
1965 1032 2086 1100 est,
2132 1044 2248 1100 qua
2275 1024 2392 1080 143
2456 1042 2461 1048 ·

49 1130 123 1170 me
168 1114 247 1170 uti
290 1132 386 1173 res
431 1114 666 1188 publica
714 1119 775 1171 et
821 1114 983 1172 dolor
1026 1130 1187 1171 meus
1235 1120 1294 1171 et
1341 1115 1581 1172 istorum
1611 1114 1821 1172 iniuria
1853 1116 2069 1189 coegit:
2117 1116 2251 1175 Sex.

49 1200 264 1259 Roscius
308 1203 514 1261 horum
560 1202 705 1260 nihil
748 1202 1047 1276 indignum
1086 1208 1284 1275 putat,
1341 1203 1634 1259 neminem
1679 1208 1941 1276 accusat,
1987 1201 2131 1261 nihil
2175 1202 2250 1262 de

49 1304 132 1347 suo
181 1291 525 1362 patrimonio
586 1290 873 1363 queritur3
933 1295 1094 1361 putat
1141 1291 1313 1348 homo
1355 1290 1661 1363 imperitus
1705 1307 1945 1365 morum,
1991 1292 2250 1364 agricola

51 1384 99 1434 et
132 1378 404 1452 rusticuS,
464 1380 578 1436 ista
618 1378 837 1451 omnia,
900 1393 1048 1449 quae
1097 1395 1196 1436 vos
1241 1395 1349 1450 per
1395 1376 1610 1437 Sullam
1653 1383 1819 1450 gesta
1861 1394 1990 1437 esse
2038 1377 2249 1453 dicitis,

51 1481 203 1539 more,
246 1466 399 1539 lege,
446 1467 575 1525 iure
622 1467 882 1540 gentium
915 1464 1102 1539 facta3
1150 1467 1320 1539 culpa
1351 1466 1632 1524 liberatus
1666 1472 1726 1524 et
1755 1467 1992 1524 crimine
2023 1464 2249 1526 nefario

49 1554 240 1611 solutus
284 1555 448 1627 cupit
492 1569 527 1612 3
572 1554 732 1612 vobis
778 1552 1096 1612 discedere.
1163 1553 1224 1612 Si
1264 1553 1373 1611 hac
1406 1554 1644 1627 indigna
1676 1556 2000 1628 suspicione
2033 1560 2250 1629 careat,
2273 1551 2396 1607 144

50 1642 218 1700 animo
265 1657 454 1715 aequo
499 1659 562 1700 se
610 1657 811 1700 carere
859 1642 978 1699 suis
1024 1642 1284 1700 omnibus
1318 1641 1626 1700 commodis
1671 1643 1839 1700 dicit:
1885 1648 2053 1716 rogat
2098 1647 2252 1702 orat-

49 1746 141 1799 que
201 1735 289 1804 te,
346 1729 717 1803 Chrysogono
737 1775 752 1803 ,
802 1730 849 1787 si
907 1729 1051 1786 m'hil
1105 1729 1178 1787 de
1236 1730 1417 1801 patris
1471 1729 1716 1788 fortunis
1772 1730 2136 1803 amplissimis
2188 1731 2251 1788 in

53 1833 192 1874 suam
249 1834 375 1876 rem
421 1818 737 1891 convertit,
796 1818 844 1874 si
888 1817 1051 1874 nulla
1095 1817 1157 1873 in
1201 1834 1268 1874 re
1313 1822 1373 1876 te
1420 1816 1733 1895 fraudavit,
1791 1818 1840 1876 si
1886 1817 1994 1876 tibi
2035 1819 2252 1890 optima

53 1901 146 1962 fide
188 1921 288 1963 sua
332 1905 529 1964 omnia
561 1906 865 1977 concessit,
909 1904 1322 1978 adnumeravit,
1369 1904 1672 1979 appendit,
1714 1906 1762 1962 si
1805 1906 2093 1978 vestitum,
2141 1923 2252 1978 quo

55 1992 158 2062 ipse
198 1999 388 2051 tectus
431 1999 593 2067 erat,
631 1994 975 2066 anulumque
1021 1992 1093 2050 de
1140 1991 1320 2066 digito
1365 2010 1530 2051 suum
1552 1988 1603 2072 ³)
1648 1993 1755 2051 tibi
1787 1992 2040 2066 tradidit,
2087 1994 2137 2050 si
2182 2010 2254 2052 ex

58 2081 288 2139 omnibus
334 2082 512 2140 rebus
561 2098 623 2139 se
655 2082 842 2153 ipsum
867 2081 1082 2138 nudum
1112 2097 1299 2153 neque
1329 2086 1641 2152 praeterea
1670 2082 1973 2154 quicquam
2006 2082 2252 2155 excepit,

58 2173 110 2224 ut
148 2169 248 2228 sibi
290 2188 401 2243 per
445 2176 506 2228 te
551 2170 727 2228 liceat
769 2170 1064 2229 innocenti
1093 2169 1407 2227 amicorum
1438 2169 1639 2242 opibus
1682 2169 1858 2228 vitam
1890 2170 1951 2228 in
1987 2176 2251 2243 egestate

59 2255 258 2329 degere.
350 2259 603 2317 Praedia
648 2274 779 2316 mea
818 2263 881 2315 tu
926 2257 1217 2331 possideS,
1265 2274 1373 2330 ego
1421 2258 1614 2316 aliena
1658 2258 2056 2318 misericordia
2099 2246 2359 2317 vivo=50

60 2346 311 2421 concede,
362 2354 423 2406 et
468 2347 620 2418 quod
663 2347 887 2404 animus
934 2361 1155 2418 aequus
1204 2351 1293 2403 est
1348 2350 1406 2402 et
1450 2347 1586 2417 quia
1629 2362 1870 2404 necesse
1921 2351 2025 2406 est.
2115 2347 2256 2405 Mea
2276 2341 2399 2399 145

60 2431 232 2491 domus
291 2435 404 2493 tibi
447 2440 641 2508 patet,
702 2434 844 2491 mihi
890 2433 1089 2492 clausa
1133 2439 1251 2491 est:
1307 2431 1452 2491 fero.
1544 2433 1791 2491 Familia
1832 2451 1963 2493 mea
2008 2435 2256 2493 maxima

59 2525 109 2575 tu
158 2524 334 2581 uteris
352 2568 367 2598 ,
426 2539 539 2595 ego
596 2539 824 2581 servum
869 2521 1054 2580 habeo
1098 2521 1349 2579 nullum:
1407 2522 1597 2594 patior
1640 2528 1700 2580 et
1743 2521 2051 2581 ferendum
2095 2528 2253 2596 puto,

61 2607 185 2678 Quid
228 2611 311 2668 vis
358 2611 642 2683 amplius?
710 2608 845 2682 quid
888 2610 1254 2682 insequeris?
1321 2609 1458 2681 quid
1504 2614 1841 2683 oppugnas?
1899 2626 2012 2684 qua
2066 2612 2128 2669 in
2188 2628 2254 2669 re

58 2701 189 2753 tuam
247 2699 606 2757 voluntatem
663 2697 815 2756 laedi
872 2713 907 2754 a
955 2713 1048 2755 me
1089 2700 1295 2769 putas?
1365 2697 1464 2755 ubi
1506 2698 1618 2755 tuis
1665 2699 1977 2756 commodis
2024 2696 2257 2757 officio?

59 2784 172 2854 quid
212 2785 318 2844 tibi
362 2786 573 2845 obsto?
662 2785 724 2843 Si
764 2786 1080 2858 spoliorum
1121 2801 1296 2843 causa
1338 2785 1425 2843 vis
1468 2785 1759 2843 hominem
1789 2787 2078 2859 occidere,
2125 2803 2255 2859 spo-

57 2870 213 2946 liasti3
278 2874 420 2947 quid
486 2874 715 2947 quaeris
770 2873 1015 2945 amplius
1032 2877 1060 2931 ‘3
1129 2873 1176 2931 si
1232 2873 1688 2946 inimicitiarum,
1752 2890 1901 2946 quae
1960 2879 2095 2933 sunt
2147 2873 2256 2931 tibi

56 2958 367 3021 inimicitiae
422 2978 551 3020 cum
610 2979 707 3034 eo,
763 2962 925 3019 cuius
982 2967 1117 3020 ante
1177 2961 1418 3034 praedia
1475 2960 1780 3034 possedisti
1838 2977 2011 3034 quam
2069 2962 2257 3035 ipsum

57 3048 383 3120 cognovisti?
423 3051 473 3108 si
517 3056 703 3108 metus
725 3042 797 3129 ⁴),
842 3050 916 3108 ab
962 3065 1108 3108 eone
1141 3049 1360 3122 aliquid
1390 3050 1629 3119 metuis,
1678 3065 1851 3123 quem
1879 3049 2041 3107 vides
2069 3050 2258 3122 ipsum

58 3135 116 3192 ab
167 3153 226 3194 se
277 3144 400 3196 tam
458 3143 713 3196 atrocem
769 3138 1038 3195 iniuriam
1092 3137 1433 3211 propulsare
1493 3155 1608 3196 non
1653 3141 1863 3212 posse?
1932 3137 2046 3211 sin,
2102 3136 2256 3209 quod

59 3220 209 3299 bona,
260 3242 412 3300 quae
460 3225 589 3285 Sex.
617 3219 671 3306 5)
708 3224 904 3284 Roscii
946 3225 1211 3299 fuerunt,
1262 3230 1365 3284 tua
1408 3224 1565 3285 facta
1626 3231 1785 3300 sunt,
1838 3225 2056 3284 idcirco
2099 3224 2257 3283 hunc

56 3310 188 3370 illius
237 3314 419 3373 filium
479 3314 674 3372 studes
731 3313 1012 3387 perdere,
1068 3330 1260 3371 nonne
1318 3313 1575 3372 ostendis
1619 3313 1679 3371 id
1725 3319 1785 3372 te
1826 3314 2051 3387 vereri,
2104 3312 2258 3387 quod

54 3406 268 3470 praeter
312 3407 542 3461 ceteros
598 3409 660 3460 tu
705 3406 969 3461 metuere
1016 3418 1130 3460 non
1181 3400 1397 3460 debeas
1415 3447 1430 3476 ,
1491 3419 1566 3460 ne
1612 3401 1839 3474 quando
1882 3402 2083 3461 liberis
2124 3418 2259 3476 pro-

55 3487 374 3562 scriptorum
420 3491 572 3549 bona
615 3490 808 3565 patria
851 3490 1211 3548 reddantur?
1298 3489 1471 3548 Facis
1517 3490 1818 3564 iniuriam,
1866 3489 2259 3565 Chrysogone,
2284 3484 2402 3542 146

215 3725 269 3791 1)
298 3723 463 3791 probe
510 3723 661 3778 novit
696 3723 943 3793 Madvig:
1002 3739 1173 3790 prope
1209 3739 1323 3776 non
1360 3722 1507 3777 novit
1545 3721 1696 3775 codd.
1912 3724 1965 3791 2)
2005 3723 2258 3790 splendor

56 3788 281 3849 Richter:
320 3793 611 3861 splendore
648 3794 800 3847 codd.
979 3795 1033 3860 3)
1074 3792 1137 3846 de
1173 3792 1342 3860 diyito
1377 3808 1538 3845 suum
1572 3793 1635 3846 R.
1675 3794 2058 3847 Boemoraeus:
2108 3792 2258 3846 dedit

59 3875 103 3912 os
135 3878 290 3918 suum
325 3864 476 3920 codd.
640 3865 697 3933 4)
735 3869 908 3919 metus
943 3862 1196 3933 Madvig:
1234 3864 1448 3919 metuis,
1608 3865 1663 3930 5)
1704 3863 1828 3920 Sex.
1866 3862 1987 3919 add.
2013 3862 2251 3917 Richter.
