2669 4354
414 226 541 282 304
1089 243 1367 283 ACCVSAT.
1414 245 1481 284 m
1524 245 1774 284 vnnnnm
2640 212 2641 283 l

699 311 2575 320 -mu———ffl-k-m-——ss‘

380 417 738 477 -faciundam
797 414 1326 489 aedificandamque
1351 410 1403 496 1)
1459 418 1699 476 curavit.
1805 419 1918 476 Pro
1963 419 2123 476 hisce
2178 418 2356 477 rebus
2399 418 2584 475 vacatio
2642 446 2643 487 1

413 506 551 564 data
605 510 696 563 est
757 505 829 563 ab
896 505 1008 563 isto
1077 511 1333 577 sumptus
1352 550 1367 579 ,
1441 507 1659 565 laboris
1676 551 1691 579 ,
1768 506 2009 565 militiae
2028 552 2043 580 ,
2115 524 2312 565 rerum
2377 506 2585 578 deniquo
2642 530 2643 549 2

411 593 693 665 omnium,
756 610 864 665 per
922 592 1235 650 triennium
1297 594 1406 651 soli
1463 610 1579 651 non
1636 595 1804 653 modo
1868 596 1929 653 in
1971 594 2202 667 Sicilia,
2271 612 2492 667 verum,
2540 598 2589 649 ut

411 682 603 754 opinio
664 697 794 738 mea
850 678 997 753 fert,
1051 680 1140 738 his
1197 681 1429 753 quidem
1491 683 1845 755 temporibus
1891 684 1953 741 in
2014 682 2167 741 omni
2224 683 2370 741 orbe
2438 689 2587 740 terra-
2644 702 2645 747 ι

412 787 538 827 rum
556 815 571 843 ,
631 769 793 827 vacui
840 774 1109 842 expertes
1127 814 1143 842 ,
1201 771 1374 827 soluti
1421 787 1490 828 ac
1533 771 1704 827 liberi
1750 769 1987 829 fuerunt
2045 771 2117 829 ab
2162 771 2317 828 omni
2379 776 2588 843 sumptu,
2644 752 2645 769 ¹

311 860 395 917 24
411 857 706 930 molestia,
761 872 1019 915 munere.
1110 856 1259 915 Hinc
1309 858 1411 916 illa
1456 858 1667 915 Verria
1711 864 1850 917 nata
1896 865 2051 917 sunt:
2108 857 2263 931 quod
2282 853 2335 939 ²)
2382 860 2444 916 in
2484 875 2588 915 con·

412 946 621 1003 vivium
676 944 806 1003 Sex.
867 944 1191 1002 Cominium
1249 946 1507 1017 protrahi
1575 947 1774 1020 iussit,
1849 948 1910 1003 in
1971 964 2143 1019 quem
2212 948 2484 1020 scyphum
2536 945 2589 1003 de

412 1050 586 1091 manu
647 1033 843 1091 iacere
912 1038 1149 1090 conatus
1216 1041 1336 1107 est,
1401 1051 1569 1106 quem
1630 1035 1859 1093 obtorta
1914 1036 2049 1108 gula
2108 1034 2180 1092 de
2243 1037 2498 1093 convivio
2547 1034 2589 1090 in
2646 1068 2647 1153 1

413 1121 602 1179 vincla
647 1127 819 1194 atque
878 1121 938 1177 in
983 1121 1257 1179 tenebras
1312 1121 1499 1194 abripi
1544 1122 1737 1180 iussit:
1797 1122 1932 1180 hinc
1982 1123 2086 1180 illa
2131 1139 2269 1179 crux
2286 1168 2301 1196 ,
2348 1124 2413 1180 in
2453 1138 2593 1196 quam
2646 1156 2647 1185 1

412 1211 527 1267 iste
585 1211 768 1267 civem
823 1208 1143 1266 Romanum
1203 1209 1396 1266 multis
1455 1210 1914 1282 inspectantibus
1974 1211 2231 1282 sustulit,
2284 1228 2454 1282 quam
2502 1227 2594 1268 non
2646 1210 2647 1281 ᾖ

414 1314 588 1356 ausus
650 1302 741 1355 est
807 1313 1046 1369 usquam
1114 1295 1369 1369 defigere
1438 1297 1548 1354 nisi
1615 1297 1768 1371 apud
1839 1315 1935 1357 eos
1954 1343 1970 1371 ,
2031 1298 2364 1370 quibuscum
2432 1299 2595 1357 omnia
2646 1296 2647 1303 ’

412 1386 639 1444 scelera
684 1400 789 1443 sua
832 1401 901 1442 ac
944 1385 1254 1441 latrocinia
1299 1386 1756 1446 communicavit.

309 1470 395 1536 11
585 1472 910 1530 Laudatum
962 1473 1138 1530 etiam
1176 1489 1274 1530 vos
1322 1490 1664 1546 quemquam
1708 1474 1918 1531 venitis
1943 1467 2034 1554 Ὗ.)
2078 1490 2191 1545 qua
2237 1472 2595 1530 auctoritate?

411 1568 604 1619 utrum
648 1578 819 1634 quam
865 1558 1017 1631 apud
1066 1567 1360 1633 senatum,
1428 1577 1501 1619 an
1553 1579 1725 1634 quam
1777 1561 1930 1634 apud
1982 1563 2256 1634 populum
2304 1560 2595 1619 Romanum
2648 1600 2649 1609 ¹

311 1650 628 1711 25habere
675 1648 940 1707 debetis?
1041 1647 1242 1720 Ecqua
1288 1649 1491 1707 civitas
1540 1644 1628 1708 e'st
1684 1666 1798 1715 non
1820 1644 1874 1728 ⁴)
1930 1650 1991 1706 in
2037 1650 2351 1723 provinciis
2396 1649 2596 1717 nostris
2648 1656 2649 1659 ’

413 1755 611 1796 verum
660 1738 722 1794 in
767 1736 983 1793 ultimis
1028 1736 1355 1795 nationibus
1401 1743 1502 1795 aut
1558 1743 1679 1796 tam
1731 1744 1940 1811 potens
1987 1744 2089 1795 aut
2131 1744 2251 1796 tam
2296 1737 2479 1795 libera
2518 1740 2597 1794 aut

414 1826 589 1884 etiam
635 1830 753 1883 tam
808 1825 1072 1881 immanis
1131 1841 1201 1882 ac
1255 1824 1537 1899 barbara,
1608 1843 1712 1884 rex
1762 1826 2014 1897 denique
2079 1826 2278 1899 ecquis
2341 1834 2454 1898 est,
2518 1824 2595 1897 qui

411 1920 740 1973 senatorem
784 1913 981 1986 populi
1027 1912 1271 1974 Romani
1314 1918 1470 1971 tecto
1516 1930 1585 1972 ac
1630 1914 1798 1971 domo
1838 1930 1953 1971 non
1998 1914 2250 1972 invitet?
2303 1915 2402 1985 qui
2444 1914 2596 1971 honos

410 2020 527 2061 non
572 2002 786 2060 homini
836 2003 1016 2058 solum
1056 2000 1337 2075 habetur,
1400 2001 1505 2059 sed
1558 2003 1805 2074 primum
1863 2004 2069 2073 populo
2115 2002 2402 2075 Roman0,
2461 2001 2596 2059 cuius

411 2088 680 2148 benificio
726 2105 829 2146 nos
889 2089 951 2145 in
1008 2090 1159 2146 hunc
1221 2089 1482 2147 ordinem
1526 2090 1790 2148 venimus
1808 2134 1822 2161 ,
1884 2088 2095 2147 deinde
2150 2089 2369 2147 ordinis
2429 2095 2592 2147 aucto·

414 2180 604 2252 ritati,
668 2194 818 2250 quae
879 2177 990 2235 nisi
1055 2177 1243 2252 gravis
1304 2179 1420 2236 erit
1470 2177 1621 2250 apud
1683 2179 1869 2236 socios
1931 2184 1993 2236 et
2047 2185 2276 2237 exteras
2337 2180 2594 2247 nationeS,
2652 2174 2653 2216 ³

412 2268 512 2325 ubi
558 2267 671 2323 erit
715 2265 944 2338 imperii
985 2282 1196 2323 nomen
1241 2273 1300 2323 et
1345 2267 1635 2339 dignitas?
1721 2266 2060 2324 Mamertini
2104 2284 2197 2325 me
2240 2268 2466 2340 publice
2500 2281 2594 2322 non

412 2355 747 2413 invitarunt.
843 2353 953 2410 ‘Me
1002 2371 1131 2411 cum
1177 2352 1331 2426 dico,
1387 2355 1517 2411 leve
1566 2360 1685 2412 est:
1754 2359 2085 2413 senatorem
2140 2355 2337 2428 populi
2382 2352 2593 2412 Romani

413 2443 462 2501 si
521 2459 637 2500 non
697 2440 1046 2515 invitarunt,
1117 2442 1394 2500 honorem
1456 2442 1709 2501 debitum
1770 2441 2149 2501 detraxerunt
2208 2460 2328 2501 non
2392 2441 2595 2510 homini,

413 2528 517 2589 sed
581 2529 786 2587 ordini.
904 2530 1053 2587 Nam
1120 2528 1231 2602 ipsi
1297 2530 1488 2588 Tullio
1553 2531 1790 2602 patebat
1845 2531 2043 2587 domus
2097 2531 2534 2603 locupletissima
2553 2521 2597 2602 ⁵)

414 2617 515 2675 Cn.
577 2618 816 2689 Pompei
871 2618 1169 2690 Basilisci,
1238 2635 1377 2689 qu0,
1454 2619 1681 2676 etiamsi
1758 2624 1911 2676 esset
1986 2618 2262 2676 invitatus
2337 2636 2373 2677 a
2441 2617 2596 2684 vobiS,

413 2711 609 2764 tamen
679 2705 1059 2778 devertisset,
1136 2712 1264 2762 erat
1331 2707 1508 2764 etiam
1557 2707 2040 2781 Percenniorum,
2116 2708 2214 2779 qui
2276 2724 2425 2765 nunc
2475 2707 2596 2761 item

411 2794 675 2867 Pompeii
721 2798 886 2867 sunt,
946 2793 1144 2851 domus
1188 2794 1598 2853 honestissima
1617 2840 1632 2867 ,
1690 2811 1803 2866 quo
1846 2794 1914 2866 L.
1959 2792 2145 2853 frater
2200 2812 2363 2853 meus
2406 2807 2599 2852 summa

412 2882 640 2940 illorum
707 2882 1001 2939 voluntate
1065 2880 1333 2940 devertit.
1445 2882 1692 2941 Senator
1757 2883 1951 2954 populi
2011 2883 2282 2954 Romani,
2356 2881 2494 2955 quod
2545 2880 2599 2935 in

412 2971 575 3029 vobis
629 2968 769 3044 fuit,
839 2971 901 3026 in
960 2975 1151 3026 vestro
1201 2969 1409 3041 oppido
1467 2971 1650 3028 iacuit
1708 2977 1767 3027 et
1823 2971 2188 3042 pernoctavit
2255 2972 2315 3027 in
2374 2967 2600 3043 publico,

411 3060 585 3116 Nulla
629 3059 739 3115 hoc
776 3058 979 3116 civitas
1021 3073 1289 3129 umquam
1337 3058 1454 3116 alia
1483 3058 1782 3115 commisit.
1840 3058 2120 3116 ‘Amicum
2168 3060 2323 3117 enim
2367 3065 2597 3116 nostrum

410 3149 472 3204 111
517 3147 796 3205 iudicium
840 3141 1130 3203 vocabas'.
1219 3145 1338 3217 Tu,
1403 3145 1540 3218 quid
1565 3142 1618 3226 6)
1666 3162 1774 3218 ego
1820 3146 2091 3219 privatim
2136 3147 2357 3220 negotii
2407 3159 2597 3219 geram,

309 3240 389 3295 26
409 3234 877 3308 interpretabere
924 3233 1315 3291 imminuendo
1360 3234 1578 3292 honore
1621 3235 1957 3291 senatorio?
2060 3234 2276 3292 Verum
2316 3235 2454 3291 haec
2493 3238 2595 3288 tum

410 3339 746 3396 queremur,
803 3323 851 3380 si
894 3321 1031 3393 quid
1077 3321 1150 3378 de
1199 3320 1359 3378 vobis
1400 3339 1508 3395 per
1552 3339 1685 3379 611111
1729 3322 1988 3380 ordinem
2033 3328 2275 3396 agetur,
2312 3323 2432 3395 ‘qui
2475 3317 2595 3376 ordo

409 3428 447 3468 a
489 3411 651 3468 vobis
699 3410 886 3467 adhuc
937 3410 1074 3467 solis
1121 3414 1483 3481 contemptus
1528 3416 1633 3467 est.
1734 3410 1803 3466 In
1856 3409 2054 3481 populi
2099 3410 2343 3468 Romani
2392 3406 2594 3482 quidem

551 3646 604 3711 1)
658 3643 748 3697 Sic
789 3642 939 3697 codd.
985 3642 1149 3708 dett„
1207 3643 1261 3695 in
1310 3645 1421 3710 opt.
1469 3641 1621 3695 codd.
1661 3646 1744 3696 est
1791 3642 2232 3711 faciendamque.
2425 3643 2476 3707 2)
2509 3650 2594 3706 quo

407 3717 597 3770 LehrS.
725 3715 779 3779 3)
818 3714 906 3765 Ita
942 3712 1095 3765 codd.
1134 3715 1274 3780 opt.;
1313 3714 1478 3779 vulgo
1516 3730 1579 3766 ex
1615 3712 1749 3767 dett.
1787 3713 1970 3767 venire
2007 3714 2259 3768 audetis?
2373 3714 2425 3783 4)
2450 3705 2593 3765 codd.

411 3787 544 3839 dett.
583 3801 698 3837 non
731 3782 914 3843 moda,
961 3782 1101 3850 quod
1150 3784 1423 3836 revocavit
1455 3783 1685 3836 Ernesti.
1849 3786 1902 3850 5)
1944 3784 2121 3852 Vulgo
2175 3804 2236 3839 ex
2283 3786 2415 3839 dett.
2463 3776 2593 3833 codd.

413 3856 629 3909 additur
667 3858 714 3905 et
752 3851 1106 3918 amplissima.
1138 3879 1146 3886 ·
1250 3854 1304 3919 6)
1342 3852 1487 3921 quod
1522 3852 1670 3907 Bake
1708 3853 1857 3921 prob.
1894 3854 2117 3922 Kayser.
