2669 4354
259 1132 380 1191 131

292 1475 384 1542 63

261 2890 384 2948 132

402 230 569 322 320—
1404 246 1624 288 omno

402 427 704 481 evocasset
747 420 1019 481 Metellos
1065 427 1124 479 et
1172 421 1248 479 ad
1292 421 1451 479 illius
1496 421 1729 493 generis
1747 466 1762 493 ,
1819 420 1973 492 quod
2019 420 2128 479 sibi
2176 437 2306 478 cum
2352 437 2421 479 eo
2466 438 2592 478 com--

402 526 575 568 mune
619 516 801 582 esset,
862 509 1203 581 dignitatem
1245 510 1554 582 propinqui
1598 510 1685 566 sui
1726 513 1977 567 mentem
2024 524 2061 566 a
2107 507 2402 567 Clodianis
2445 511 2597 567 latro-

402 598 569 656 ciniis
614 595 972 670 reflexisset,
1028 614 1271 669 cumque
1318 612 1451 654 eum
1497 596 1570 654 ad
1617 596 1919 654 domestici
1971 598 2225 669 exempli
2287 599 2596 655 memoriam

403 692 463 744 et
510 685 586 744 ad
624 684 912 743 Numidici
964 686 1119 743 illius
1141 679 1192 764 ¹)
1231 684 1461 743 Metelli
1508 699 1704 741 casum
1755 684 1851 741 vel
1894 684 2206 756 gloriosum
2247 685 2340 742 vel
2385 701 2598 757 gravem

402 773 807 847 convertisset,
905 773 1339 831 conlacrimavit
1412 773 1500 829 vir
1524 765 1576 850 ²)
1641 772 1910 845 egregius
1984 788 2054 829 ac
2127 788 2268 830 vere
2346 771 2596 832 Metellus

400 867 697 933 totumque
759 877 822 919 se
882 859 947 917 P.
995 860 1238 919 Servilio
1296 860 1514 918 dicenti
1576 860 1755 917 etiam
1817 864 1937 917 tum
1995 859 2237 918 tradidit
2294 877 2406 918 nec
2464 861 2596 918 illam

401 948 653 1007 divinam
720 948 1066 1020 gravitatem
1129 948 1362 1021 plenam
1419 947 1782 1020 antiquitatis
1847 946 2063 1005 diutius
2129 947 2301 1006 homo
2366 948 2599 1007 eiusdem

403 1036 697 1110 sanguinis
739 1037 929 1109 potuit
981 1036 1265 1094 sustinere
1312 1041 1377 1093 et
1430 1051 1657 1094 mecum
1703 1034 1916 1094 absens
1971 1033 2254 1093 beneficio
2301 1052 2405 1093 suo
2449 1036 2600 1094 rediit

401 1125 463 1181 in
507 1125 772 1197 gratiam.
862 1123 1026 1195 Quod
1073 1128 1232 1182 certe
1250 1168 1266 1196 ,
1323 1123 1372 1180 si
1417 1130 1507 1182 est
1550 1123 1729 1196 aliqui
1773 1139 1977 1182 sensus
2016 1123 2079 1181 in
2127 1129 2315 1182 morte
2363 1127 2601 1196 praecla-

402 1227 598 1270 rorum
642 1213 921 1285 virorum,
970 1228 1098 1268 cum
1142 1211 1405 1269 omnibus
1451 1212 1734 1281 Metellis,
1781 1216 1901 1269 tum
1947 1227 2086 1269 vero
2121 1212 2220 1269 uni
2262 1213 2384 1270 viro
2431 1212 2600 1270 fortis-

402 1300 546 1357 simo
591 1303 652 1356 et
694 1300 1188 1371 praestantissimo
1234 1300 1345 1356 civi
1391 1299 1779 1371 gratissimum
1836 1296 2006 1357 fratri
2066 1315 2169 1358 suo
2229 1297 2404 1373 fecit,
2464 1301 2603 1357 socio
2641 1299 2642 1306 ’

402 1387 689 1460 laborum,
736 1386 1117 1459 periculorum
1136 1431 1151 1458 ,
1199 1386 1570 1445 consiliorum
1614 1402 1892 1445 meorum.

577 1473 821 1532 Reditus
851 1489 989 1532 vero
1019 1490 1180 1532 meus
1219 1475 1318 1546 qui
1349 1472 1528 1532 fuerit
1570 1476 1697 1548 quis
1736 1475 2013 1547 ignorat?
2052 1489 2224 1545 quem
2272 1474 2347 1532 ad
2392 1474 2602 1533 modum

404 1561 544 1619 mihi
584 1561 917 1621 advenienti
964 1567 1255 1635 tamquam
1300 1563 1477 1620 totius
1522 1562 1727 1621 Italiae
1768 1569 1943 1634 atque
1989 1562 2168 1633 ipsius
2212 1564 2437 1633 patriae
2481 1562 2601 1619 dex·
2643 1555 2644 1592 ³

403 1655 555 1707 tram
610 1650 977 1722 porrexerint
1037 1648 1399 1723 Brundisini,
1467 1666 1596 1708 cum
1659 1651 1801 1722 ipsis
1861 1650 2043 1706 Nonis
2095 1650 2411 1709 Sextilibus
2464 1649 2600 1707 idem

403 1736 529 1796 dies
574 1737 857 1796 adventus
918 1738 1033 1797 mei
1079 1736 1286 1795 fuisset
1337 1737 1671 1811 reditusque
1715 1738 1928 1795 natalis
1951 1731 2030 1816 ³),
2087 1736 2240 1794 idem
2289 1739 2600 1796 carissimae

403 1822 558 1883 ffliae
579 1870 596 1899 ,
658 1840 829 1897 quam
877 1840 950 1882 ex
1001 1825 1338 1899 gravissimo
1380 1830 1503 1883 tum
1547 1825 1791 1898 primum
1837 1824 2128 1882 desiderio
2173 1825 2444 1898 luctuque
2485 1842 2600 1883 con·
2645 1901 2646 1906 ἵ

403 1914 566 1986 spexi
582 1957 600 1985 ,
657 1911 812 1970 idem
834 1905 1034 1970 ‘etiam
1089 1914 1266 1985 ipsius
1313 1914 1573 1971 coloniae
1619 1912 2032 1984 Brundisinae,
2087 1911 2273 1984 idem,
2331 1919 2401 1970 ut
2445 1914 2602 1981 scitis,
2645 1909 2646 1914 ’

404 2000 617 2059 Salutis
633 1993 716 2078 4):
765 2016 1007 2074 cumque
1053 2018 1145 2059 me
1177 2001 1376 2059 domus
1424 2000 1630 2059 eadem
1675 2000 2016 2073 optimorum
2063 2006 2124 2058 et
2161 1999 2599 2059 doctissimorum

404 2090 688 2162 virorum,
733 2088 814 2146 M.
836 2081 888 2154 ⁵)
933 2088 1139 2146 Laenii
1185 2088 1382 2146 Flacci
1428 2096 1488 2147 et
1525 2089 1704 2160 patris
1752 2093 1813 2146 et
1856 2086 2053 2145 fratris
2100 2088 2225 2146 eius
2244 2134 2259 2161 ,
2305 2089 2600 2146 laetissima

404 2176 758 2251 accepisset,
820 2192 969 2249 quae
1014 2177 1272 2250 proximo
1323 2194 1475 2236 anno
1519 2193 1787 2235 maerens
1847 2182 2155 2249 receperat
2199 2183 2260 2234 et
2303 2194 2409 2236 suo
2452 2193 2600 2251 prae·
2647 2165 2648 2181 ¹

403 2263 550 2323 sidio
594 2265 969 2337 periculoque
1011 2264 1372 2324 defenderat.
1462 2266 1682 2324 Itinere
1709 2262 1761 2340 6)
1806 2269 1930 2321 toto
1976 2264 2148 2323 urbes
2190 2265 2402 2324 Italiae
2447 2264 2598 2323 festos

405 2351 531 2410 dies
577 2368 753 2424 agere
799 2352 1079 2410 adventus
1125 2353 1241 2410 mei
1285 2353 1659 2426 videbantur,
1707 2352 1834 2410 viae
1881 2352 2247 2410 multitudine
2294 2354 2594 2427 legatorum

404 2440 659 2511 undique
704 2441 1004 2499 missorum
1050 2440 1496 2500 celebrabantur
1516 2485 1531 2512 ,
1593 2439 1669 2498 ad
1712 2438 1915 2498 urbem
1962 2457 2228 2498 accessus
2291 2440 2593 2499 incredibili

404 2528 697 2585 hominum
755 2528 1122 2587 multitudine
1169 2535 1229 2587 et
1273 2529 1664 2601 gratulatione
1725 2527 1996 2600 florebat,
2057 2529 2173 2586 iter
2216 2545 2251 2586 a
2298 2536 2496 2601 porta,
2544 2529 2595 2583 in

407 2613 753 2689 Capitolium
808 2632 1107 2689 ascensus,
1161 2615 1391 2674 domum
1436 2616 1657 2674 reditus
1702 2621 1831 2674 erat
1872 2615 2000 2673 eius
2044 2615 2228 2686 modi,
2292 2622 2357 2674 ut
2402 2629 2595 2674 summa

405 2703 469 2761 in
516 2703 745 2762 laetitia
800 2703 943 2761 illud
1002 2704 1260 2763 dolerem
1275 2749 1291 2777 ,
1369 2705 1664 2763 civitatem
1718 2710 1836 2762 tam
1886 2709 2111 2775 gratam
2167 2709 2288 2762 tam
2351 2705 2596 2762 miseram

405 2797 579 2864 atque
621 2807 954 2863 oppressam
997 2790 1194 2850 fuisse.

578 2879 776 2937 Habes
820 2880 1024 2954 igitur,
1085 2879 1236 2951 quod
1276 2895 1350 2936 ex
1387 2896 1480 2937 me
1526 2880 1833 2951 quaesisti,
1895 2881 1992 2951 qui
2038 2886 2237 2937 essent
2294 2881 2595 2952 optimates,

403 2968 534 3026 Non
581 2973 672 3025 est
715 2967 901 3040 nati0,
963 2973 1026 3026 ut
1070 2966 1293 3025 dixisti:
1353 2968 1508 3040 quod
1566 2984 1676 3040 ego
1722 2967 1962 3025 verbum
2014 2968 2252 3040 agnovi,
2316 2974 2405 3026 est
2462 2966 2592 3024 enim

401 3057 584 3130 illius,
640 3072 677 3114 a
718 3071 831 3128 quo
885 3071 998 3114 uno
1044 3056 1290 3113 maxime
1337 3055 1401 3113 P.
1447 3056 1669 3115 Sestius
1717 3071 1780 3113 se
1826 3056 2145 3128 oppugnari
2188 3055 2349 3114 videt
2370 3100 2385 3128 ,
2439 3052 2594 3112 homi-

402 3307 548 3413 322·
583 3288 983 3414 ssnffiergffidfi
1009 3289 1996 3430 ttaetffifftffatsfflt3323?
2021 3290 2392 3413 {3313th
2423 3301 2587 3411 w:

401 3430 567 3484 ritate
590 3435 822 3497 patrum
859 3429 1290 3497 conscriptorum
1326 3434 1445 3483 tum
1485 3430 1549 3486 P.
1570 3431 1720 3487 Serv.
1757 3430 2016 3485 incredib.
2055 3430 2299 3498 quadam
2331 3446 2476 3499 yrav.
2500 3425 2584 3478 dic.

401 3501 509 3554 Pro
550 3504 698 3567 patr.
748 3514 954 3553 consor.
1010 3500 1162 3554 Koch
1210 3507 1434 3555 senatus
1452 3544 1464 3565 ,
1525 3518 1620 3569 pro
1681 3501 1992 3555 incredibili
2052 3502 2212 3555 Halm
2268 3500 2452 3554 dicim
2504 3511 2581 3549 scr.

404 3570 459 3638 1)
499 3570 588 3626 Sic
623 3571 856 3635 Manut.;
893 3569 1039 3624 codd.
1078 3570 1155 3623 ad
1190 3587 1364 3624 unum
1401 3571 1636 3627 dicitius,
1793 3573 1848 3639 2)
1865 3634 1869 3638 Δ
1889 3571 2049 3626 Codd.
2088 3577 2151 3624 ut
2186 3573 2289 3626 vir.
2428 3571 2478 3635 3)
2513 3566 2583 3620 Sic

404 3640 622 3706 Gruter3
659 3640 808 3695 codd.
846 3640 1052 3695 reditus
1088 3640 1185 3708 qui
1215 3641 1455 3703 natali&
1490 3643 1698 3712 Kayser
1721 3642 2059 3710 reditusque,
2100 3642 2195 3709 qui
2217 3642 2428 3695 natalis
2452 3636 2579 3714 idem.

403 3711 461 3777 4)
501 3709 712 3764 Salutis
737 3710 861 3763 add.
900 3710 1173 3765 Manutius
1205 3710 1300 3765 cfr.
1339 3712 1407 3765 ad
1443 3712 1555 3766 Att.
1593 3713 1688 3776 IV,
1727 3714 1775 3780 1,
1811 3714 1863 3767 4.
1903 3713 2177 3766 Eberhard
2211 3712 2351 3766 idem
2383 3709 2580 3765 Salutis,

406 3797 513 3836 om.
540 3779 715 3834 verbis
737 3785 803 3833 ut
826 3780 1004 3842 scitis,·
1041 3782 1203 3834 Halm
1240 3781 1392 3835 aedis
1415 3782 1643 3837 Salutis.
1744 3786 1799 3850 5)
1837 3783 2164 3843 Praenomen
2201 3782 2409 3837 addidit
2430 3778 2579 3832 Halm.

407 3851 462 3916 6)
503 3848 591 3911 Sic
625 3849 879 3917 Madvig,
919 3850 1065 3904 codd.
1104 3868 1325 3918 cvl-‘mque
1359 3853 1564 3909 itinere.
1638 3853 1908 3908 Eberhard
1949 3853 2090 3906 Tum
2126 3870 2248 3907 vero
2283 3853 2478 3907 itinere.
