2669 4354
908 286 1091 325 LIBER
1134 285 1419 335 QVARTVS.
2146 269 2269 326 341

78 470 173 511 sam
240 457 481 514 sceleris
543 458 709 516 istius
780 459 1017 516 evenire
1080 459 1402 517 videantur.
1525 460 1782 517 Audistis
1849 458 2272 532 CenturipinOS,
2297 470 2420 525 114

77 543 479 619 AgyrinenseS,
539 544 905 620 CatinenseS,
972 547 1329 620 AetnenseS,
1399 548 1780 606 Herbitenses
1837 547 2274 623 compluresque

78 631 194 689 alios
239 632 475 705 publice
523 633 749 707 dicere,
799 650 946 706 quae
994 635 1241 692 solitudo
1291 642 1446 693 esset
1490 638 1549 692 in
1592 637 1773 709 agriS,
1823 651 1971 707 quae
2015 635 2273 707 vastitaS,

78 734 199 788 quae
249 719 388 793 fuga
434 726 756 795 aratorum,
814 737 983 794 quam
1028 721 1293 796 deserta,
1342 740 1513 794 quam
1558 724 1804 796 inculta,
1850 739 2020 794 quam
2066 722 2275 779 relicta

78 809 261 864 omnia.
351 808 444 866 Ea
497 810 730 867 tametsi
785 810 979 866 multis
1047 811 1211 866 istius
1280 815 1341 867 et
1396 811 1572 868 variis
1628 811 1854 868 iniuriis
1918 809 2273 882 acciderunt,

78 900 249 953 tamen
303 895 452 953 haec
504 913 620 955 una
666 913 838 954 causa
896 899 956 953 in
1017 898 1286 970 opinione
1351 897 1670 956 Siculorum
1729 899 2032 970 plurimum
2099 897 2274 969 valet,

77 983 202 1051 quod
247 981 465 1042 Cerere
509 986 725 1042 violata
770 1001 970 1041 omnes
1017 986 1205 1042 cultus
1249 984 1586 1058 fructusque
1633 984 1864 1044 Cereris
1910 987 1972 1042 in
2016 986 2088 1043 iis
2132 985 2274 1042 locis

77 1070 325 1129 interisse
402 1071 777 1130 arbitrantur.
910 1072 1233 1130 Medemini
1302 1074 1575 1145 religioni
1648 1075 1962 1145 sociorum,
2033 1072 2274 1145 iudiceS,
2330 1096 2335 1101 ·

76 1164 399 1217 conservate
438 1165 724 1233 vestram,
770 1177 961 1231 neque
1005 1161 1159 1217 enim
1203 1160 1351 1218 haec
1384 1166 1625 1219 externa
1656 1161 1815 1219 vobis
1835 1154 1888 1239 ¹)
1934 1166 2025 1218 est
2066 1161 2275 1233 religio

75 1263 239 1318 neque
290 1248 501 1308 aliena.
593 1247 755 1320 Quod
796 1249 845 1306 si
892 1253 1072 1322 esset,
1130 1249 1179 1305 si
1238 1249 1534 1320 suscipere
1584 1265 1712 1308 eam
1756 1249 2023 1321 nolletiS,
2079 1254 2275 1306 tamen

74 1334 120 1389 in
156 1352 258 1408 e0,
305 1337 404 1407 qui
452 1336 759 1409 violasset,
810 1336 1036 1394 sancire
1078 1352 1177 1392 vos
1220 1336 1370 1394 velle
1416 1342 1728 1408 oporteret.
1819 1337 1987 1394 Nunc
2030 1353 2167 1394 vero
2213 1337 2276 1393 in
2297 1343 2419 1401 115

75 1425 344 1481 communi
388 1423 640 1481 omnium
686 1425 941 1494 gentium
988 1424 1271 1496 religione
1317 1425 1489 1495 inque
1535 1426 1607 1482 iis
1646 1425 1826 1482 sacris
1843 1468 1858 1497 ,
1906 1439 2054 1496 quae
2097 1425 2276 1482 maio-

74 1528 148 1569 res
184 1513 375 1570 nostri
413 1511 488 1569 ab
521 1511 740 1569 exteris
777 1512 1103 1570 nationibus
1148 1511 1373 1569 adscita
1401 1517 1578 1583 atque
1624 1513 1907 1570 arcessita
1952 1512 2275 1584 coluerunt,

73 1616 200 1670 quae
252 1617 451 1673 sacra,
518 1604 582 1656 ut
633 1606 800 1657 erant
853 1616 919 1657 re
975 1615 1148 1671 vera,
1204 1601 1287 1657 sic
1333 1600 1618 1671 appellari
1662 1599 1890 1657 Graeca
1949 1599 2273 1673 voluerunt,

75 1690 439 1762 neglegentes
488 1703 556 1745 ac
600 1686 860 1745 dissoluti
902 1688 949 1743 si
1000 1688 1293 1759 cupiamus
1341 1703 1497 1758 esse,
1539 1688 1639 1759 qui
1683 1688 2027 1759 possumus?

228 1775 413 1835 Unius
458 1776 636 1833 etiam
682 1775 838 1832 urbis
882 1776 1131 1833 omnium
1179 1776 1602 1846 pulcherrimae
1644 1780 1819 1847 atque
1851 1774 2273 1848 ornatissimae,
2264 1755 2379 1839 52

74 1861 471 1935 Syracusarum
525 1863 908 1936 direptionem
955 1861 1410 1920 commemorabo
1465 1868 1524 1919 et
1562 1864 1622 1919 in
1668 1862 1919 1920 medium
1964 1860 2275 1935 proferam,

72 1951 307 2025 iudices,
377 1958 441 2009 ut
481 1951 790 2022 aliquando
833 1956 1014 2008 totam
1058 1951 1227 2007 huius
1280 1951 1513 2022 generis
1558 1951 1876 2008 orationem
1936 1949 2275 2006 concludam

75 2046 228 2112 atque
279 2039 571 2097 definiam.
661 2039 845 2096 Nemo
886 2037 1013 2096 fere
1049 2044 1301 2095 vestrum
1345 2043 1462 2111 est,
1510 2039 1672 2110 quin,
1717 2044 1886 2109 q'uem
1927 2037 2001 2094 ad
2046 2036 2276 2094 modum

74 2135 261 2201 captae
311 2129 428 2186 sint
474 2143 510 2185 a
555 2128 635 2189 M
682 2127 963 2185 Marcello
1011 2102 1359 2199 Syracusae,
1406 2142 1579 2198 saepe
1625 2126 1908 2197 audierit,
1953 2140 2069 2183 non
2112 2140 2276 2182 num-

75 2233 226 2287 quam
274 2219 453 2275 etiam
498 2216 559 2273 in
596 2215 900 2274 annalibus
946 2215 1172 2287 legerit.
1238 2213 1513 2273 Conferte
1559 2215 1708 2272 hanc
1752 2230 1954 2286 pacem
2003 2230 2130 2270 cum
2175 2214 2275 2270 illo

75 2302 243 2378 bello,
303 2305 476 2362 huius
519 2305 802 2375 praetoris
848 2301 1156 2360 adventum
1203 2318 1330 2359 cum
1390 2303 1543 2359 illius
1598 2302 1966 2375 imperatoris
2016 2301 2277 2373 victoria,

75 2392 223 2451 huius
271 2393 570 2450 cohortem
625 2392 906 2462 impuram
952 2406 1079 2447 cum
1127 2391 1281 2447 illius
1328 2392 1589 2447 exercitu
1633 2391 1846 2447 invicto
1863 2434 1878 2462 ,
1934 2389 2104 2446 huius
2147 2388 2279 2446 libi-

73 2478 223 2538 dines
286 2497 416 2538 cum
469 2480 626 2536 illius
673 2478 1052 2536 continentia:
1120 2476 1191 2535 ab
1253 2479 1383 2550 illo,
1444 2479 1542 2549 qui
1602 2478 1790 2550 cepit,
1849 2476 2138 2549 conditaS,
2202 2476 2275 2533 ab

74 2566 193 2642 hoc,
249 2570 348 2640 qui
398 2566 739 2624 constitutas
786 2566 1038 2638 accepit,
1095 2570 1293 2637 captas
1340 2565 1543 2622 dicetis
1589 2565 1918 2636 syracusas.
2023 2563 2109 2621 Ac
2160 2564 2277 2620 iam
2301 2572 2422 2628 116

74 2654 161 2713 illa
219 2657 452 2722 omitto,
526 2671 673 2726 quae
744 2653 1000 2725 disperse
1058 2670 1114 2720 av
1157 2670 1248 2710 me
1310 2653 1505 2709 multis
1567 2652 1627 2709 in
1687 2652 1828 2709 locis
1888 2651 2153 2709 dicentur
2211 2666 2280 2707 ac

73 2741 215 2801 dicta
260 2749 422 2800 sunt:
478 2741 666 2799 forum
714 2740 1233 2814 Syracusanorum,
1282 2738 1430 2812 quod
1476 2740 1715 2797 introitu
1762 2738 2028 2796 Marcelli
2072 2755 2280 2809 purum

73 2846 102 2886 a
137 2831 318 2889 caede
341 2823 397 2910 ²)
443 2835 728 2887 servatam
775 2834 865 2887 est
884 2821 964 2906 ³),
1007 2828 1068 2885 id
1114 2828 1367 2886 adventu
1401 2827 1600 2884 Verris
1641 2827 1960 2884 Siculorum
2005 2827 2280 2883 innocen-

71 2919 203 2976 tium
257 2919 539 2991 sanguine
587 2916 971 2988 redundasse,
1027 2921 1254 2987 portum
1304 2915 1819 2988 Syracusanorum,
1879 2914 1976 2986 qui
2037 2919 2158 2969 tum
2220 2917 2283 2969 et

71 3008 272 3065 nostris
328 3006 606 3063 classibus
668 3010 728 3062 et
769 3004 1341 3076 Karthaginiensium
1402 3004 1630 3060 clausus
1691 3001 1917 3075 fuisset,
1981 3017 2111 3059 eum
2169 3001 2282 3058 isto

70 3102 331 3163 praetore
378 3093 620 3151 Cilicum
658 3093 994 3165 myoparoni
1032 3091 1533 3165 praedonibusque
1578 3092 1865 3162 patuisse,
1908 3089 2074 3146 mitto
2120 3088 2276 3146 adhi-

70 3181 242 3239 bitam
274 3183 390 3240 vim
421 3182 717 3255 ingenuis,
765 3185 981 3237 matres
1026 3178 1277 3237 familias
1311 3179 1579 3252 violatas,
1622 3195 1770 3250 quae
1806 3182 1926 3235 tum
1970 3176 2031 3233 in
2074 3168 2282 3254 urbe4)

71 3277 238 3343 capta
289 3270 594 3327 commissa
635 3284 751 3325 non
793 3273 927 3325 sunt
969 3284 1158 3340 neque
1200 3268 1333 3325 odio
1381 3267 1571 3325 hostili
1618 3282 1807 3338 neque
1854 3265 2091 3323 licentia
2135 3265 2286 3321 mili-

71 3360 180 3414 tari
221 3373 412 3430 neque
456 3372 618 3414 more
664 3354 803 3413 belli
849 3371 1038 3427 neque
1077 3356 1203 3412 iure
1236 3355 1545 3426 victoriae,
1591 3355 1785 3428 mitto,
1831 3354 2093 3425 inquam,
2140 3352 2286 3409 haec

72 3447 284 3518 omnia,
362 3460 511 3517 quae
567 3445 638 3502 ab
697 3445 808 3501 isto
869 3460 977 3516 per
1032 3444 1347 3500 triennium
1411 3440 1674 3514 perfecta
1734 3446 1891 3499 sunt:
1973 3455 2075 3513 ea,
2135 3455 2286 3512 quae

73 3534 373 3591 coniuncta
409 3549 541 3590 cum
571 3532 686 3589 illis
717 3530 891 3589 rebus
922 3537 1080 3602 sunt,
1135 3530 1206 3587 de
1237 3528 1445 3602 quibus
1477 3536 1652 3588 antea
1683 3528 1831 3600 dixi,
1878 3529 2224 3600 cognoscite.

177 3744 231 3808 1)
270 3707 470 3808 Zumpt
494 3756 557 3792 ex
584 3738 761 3792 Guelf.
787 3738 958 3792 nobis.
1041 3738 1095 3808 2)
1135 3756 1172 3791 a
1200 3754 1299 3791 0111
1327 3754 1446 3791 cum
1472 3736 1622 3791 codd.
1657 3739 1766 3805 opt
1808 3736 2028 3806 Zumpt,
2066 3735 2288 3800 Jordan,

73 3810 308 3878 Kayse13
350 3811 602 3879 plurima
653 3810 814 3861 caede
849 3810 891 3862 Ι
872 3826 1066 3877 ragom.
1108 3810 1191 3863 29.
1407 3810 1460 3875 3)
1520 3814 1657 3862 esset
1711 3807 1857 3860 Bake
1911 3808 2075 3860 coni.-
2063 3849 2074 3871 ,
2130 3823 2289 3875 quem

71 3887 373 3949 sequuntur
433 3881 623 3945 Halm,
687 3879 913 3948 Kayser.
1079 3880 1135 3944 4)
1195 3879 1647 3947 Praepositionenn
1711 3896 1812 3931 om.
1873 3877 2002 3929 dett.
2064 3875 2216 3929 codd.
