2669 4354
867 960 1482 1039 ORATIO

1106 1131 1243 1174 PRO

518 1270 590 1350 Τ.
688 1269 1143 1352 ANNIO
1251 1269 1834 1352 MILONE.

374 1573 443 1650 Q.
506 1573 858 1639 ASOONII
912 1574 1283 1640 PEDIANI
1343 1574 1980 1641 ARGVMENTVM.

108 1727 231 1778 Hanc
263 1728 391 1780 dixit
426 1727 526 1781 Cn.
564 1729 814 1798 Pompeio
850 1730 934 1782 III
972 1730 1188 1782 consule
1226 1746 1273 1782 a.
1312 1728 1363 1780 d.
1402 1729 1478 1781 VI
1503 1728 1582 1781 Id.
1611 1727 1779 1796 April.
1847 1727 2001 1793 Quod
2028 1729 2280 1782 iudicium
2305 1736 2335 1790 1

159 1813 259 1850 cum
292 1801 564 1866 ageretur,
604 1800 893 1852 exercitum
932 1801 989 1852 in
1026 1799 1138 1852 foro
1176 1803 1230 1851 et
1266 1801 1320 1852 in
1359 1799 1603 1852 omnibus
1631 1799 1880 1867 tempIiS,
1921 1816 2057 1866 quae
2086 1799 2286 1852 circum

158 1866 309 1920 forum
348 1873 498 1938 sunt,
538 1869 857 1922 collocatum
894 1887 925 1923 a
969 1870 1065 1923 Cn.
1106 1869 1361 1939 Pompeio
1389 1870 1557 1922 fuisse
1580 1885 1684 1921 non
1712 1872 1929 1923 tantum
1959 1887 2020 1922 ex
2045 1870 2285 1922 oratione

161 1943 208 1990 et
239 1938 541 2008 annalibuS,
589 1939 682 1992 sed
730 1941 894 1993 etiam
933 1957 993 1993 ex
1040 1940 1175 1993 libro
1211 1944 1461 2010 apparet,
1514 1939 1607 2007 qui
1644 1939 1917 1992 Ciceronis
1955 1939 2165 1992 nomine
2202 1940 2287 1992 in-

160 2009 410 2076 scribitur,
449 2009 514 2062 de
552 2010 756 2077 optimo
790 2027 987 2078 genere
1024 2013 1306 2064 oratorum.

218 2082 601 2146 Argumentum
642 2080 743 2133 hoc
780 2082 877 2134 est.

218 2150 273 2203 Τ.
315 2151 523 2204 Annius
571 2150 702 2202 Milo
759 2152 814 2204 et
855 2151 918 2203 P.
964 2149 1207 2202 Plautius
1254 2149 1541 2218 Hypsaeus
1589 2151 1644 2201 et
1697 2147 1759 2214 Q,
1807 2148 2060 2202 Metellus
2108 2148 2340 2219 Scipio2

158 2222 472 2273 consulatum
509 2221 779 2288 petierunt
814 2237 922 2274 non
959 2221 1133 2273 solum
1166 2221 1455 2288 largitione
1491 2220 1670 2287 palam
1746 2222 1950 2285 rofusa,
1994 2220 2088 2274 sed
2125 2222 2287 2275 etiam

157 2290 460 2344 factionibus
525 2294 851 2344 armatorum
911 2290 1184 2343 succincti.
1281 2290 1463 2343 Miloni
1512 2294 1565 2343 et
1608 2289 1700 2344 Clo
1742 2290 1792 2343 io
1851 2308 2090 2344 summae
2135 2295 2289 2345 erant

154 2361 473 2429 inimicitiae,
513 2362 656 2428 quod
695 2364 750 2413 et
784 2362 916 2414 Milo
943 2361 1213 2415 Ciceronis
1249 2365 1367 2413 erat
1404 2360 1760 2414 amicissimus
1803 2361 1857 2412 in
1886 2360 2289 2429 reducendoque

157 2445 207 2482 eo
246 2433 389 2485 enixe
424 2447 641 2499 operam
679 2431 928 2484 tribunus
966 2431 1038 2499 pl.
1080 2430 1329 2499 dederat,
1364 2432 1420 2484 et
1456 2431 1514 2484 P.
1543 2430 1763 2484 Clodius
1801 2432 2054 2484 restituto
2080 2448 2289 2500 quoque

158 2500 385 2555 Ciceroni
424 2505 541 2554 erat
577 2501 960 2555 infestissimus
992 2501 1219 2569 ideoque
1260 2516 1468 2555 summe
1507 2500 1759 2554 studebat
1794 2502 2046 2568 Hypsaeo
2084 2505 2140 2554 et
2176 2501 2288 2556 Sci-

157 2572 284 2638 pioni
330 2576 517 2625 contra
554 2571 828 2624 Milonem.
902 2572 980 2625 Ac
1025 2587 1182 2641 saepe
1220 2572 1363 2624 inter
1409 2588 1463 2624 se
1499 2570 1630 2623 Milo
1670 2572 1725 2623 et
1761 2569 1980 2624 Clodius
2018 2587 2136 2624 cum
2175 2572 2287 2625 suis

155 2641 464 2695 factionibus
501 2643 703 2695 Rornae
741 2640 1178 2709 depugnaverant
1215 2645 1269 2694 et
1296 2643 1448 2694 erant
1473 2643 1697 2709 uterque
1722 2641 1948 2694 audacia
1971 2657 2154 2708 pares,
2195 2641 2288 2694 sed

155 2710 269 2765 Milo
321 2730 414 2783 pro
470 2713 782 2765 melioribus
824 2712 1069 2779 partibus
1117 2712 1312 2765 stabat.
1393 2712 1677 2764 Praeterea
1724 2711 1780 2763 in
1820 2711 2043 2765 eundem
2092 2728 2287 2764 annum

155 2785 471 2837 consulatum
514 2784 672 2851 Milo,
710 2782 932 2835 Clodius
970 2788 1274 2849 praeturam
1312 2782 1557 2849 petebat,
1596 2796 1753 2849 quam
1794 2781 2023 2835 debilem
2049 2780 2283 2834 futuram

154 2855 353 2906 consule
388 2854 590 2906 Milone
636 2853 1006 2918 intellegebat.
1080 2852 1289 2905 Deinde
1340 2867 1456 2903 eum
1516 2851 1606 2904 diu
1642 2855 1818 2905 tracta
1853 2854 2034 2905 essent
2069 2851 2340 2908 comitia3

154 2924 439 2976 consularia
474 2923 766 2994 perficique
804 2923 870 2975 ob
907 2939 997 2975 eas
1032 2923 1178 2989 ipsas
1210 2922 1450 2990 perditas
1484 2921 1891 2975 candidatorum
1919 2922 2289 2974 contentiones

155 3008 244 3044 non
302 2997 524 3061 possent
581 2997 635 3047 et
686 2994 751 3045 ob
804 2993 858 3045 id
914 3009 1096 3046 mense
1143 2992 1396 3045 Ianuario
1456 2991 1596 3044 nulli
1652 2990 1776 3044 dum
1828 3008 1999 3060 neque
2044 2992 2289 3044 consules

154 3078 311 3132 neque
367 3067 645 3133 praetores
698 3066 880 3117 essent
929 3063 1337 3131 trahereturque
1383 3062 1492 3115 dies
1544 3062 1726 3115 eodem
1777 3078 1881 3129 quo
1927 3065 2085 3115 antea
2121 3062 2288 3131 mod0,

155 3131 267 3186 dum
311 3134 441 3187 Milo
496 3151 658 3203 quam
714 3134 940 3202 primum
997 3133 1215 3186 comitia
1268 3132 1452 3186 confici
1500 3132 1668 3185 vellet
1722 3132 2113 3200 confideretque
2169 3149 2289 3185 cum

153 3201 394 3257 bonorum
430 3206 649 3273 studiiS,
704 3205 847 3273 quod
884 3203 1183 3256 obsistebat
1220 3202 1439 3272 Clodio,
1483 3205 1599 3255 tum
1636 3202 1798 3256 etiam
1837 3203 2035 3271 populo
2072 3209 2292 3270 propter

153 3273 333 3328 effusas
381 3275 699 3344 largitiones
749 3275 1126 3343 impensasque
1174 3274 1423 3327 ludorum
1470 3273 1827 3326 scaenicorum
1883 3289 1946 3326 ac
1980 3272 2293 3341 gladiatorii

155 3347 372 3399 muneris
392 3346 696 3408 maximas,
734 3344 786 3398 in
826 3361 959 3412 quas
989 3344 1098 3397 tria
1125 3343 1450 3410 patrimonia
1484 3342 1736 3397 effudisse
1763 3360 1881 3396 eum
1907 3342 2093 3395 Cicero
2123 3342 2293 3410 signi-

156 3412 294 3484 ficat,
354 3417 724 3486 competitores
786 3415 902 3468 eius
946 3415 1159 3467 trahere
1205 3414 1433 3481 vellent,
1498 3413 1717 3481 ideoque
1766 3413 2082 3481 Pompeius,
2133 3430 2295 3481 gener

157 3483 429 3555 Scipionis,
491 3493 546 3538 et
600 3486 659 3539 Τ.
697 3485 1003 3551 Munatius,
1058 3484 1309 3537 tribunus
1356 3484 1530 3551 plebis
1543 3523 1559 3549 ,
1616 3483 1803 3536 referri
1839 3483 1909 3537 ad
1946 3486 2189 3537 senatum
2229 3484 2294 3537 de

155 3558 381 3619 patriciis
428 3556 812 3622 convocandiS,
871 3554 963 3623 qui
1013 3555 1332 3623 interregem
1380 3553 1694 3621 proderent,
1752 3571 1860 3607 non
1910 3558 2090 3607 essent
2129 3556 2293 3622 passi,

159 3639 263 3678 cum
302 3628 632 3693 interregem
672 3626 895 3692 prodere
933 3628 1077 3678 stata
1119 3642 1206 3677 res
1249 3627 1415 3677 esset:
1455 3640 1500 3677 a.
1540 3623 1590 3676 d.
1628 3624 1761 3677 XIII
1798 3624 1920 3679 Kal.
1957 3625 2110 3677 Febr.
2152 3626 2297 3690 (acta

157 3697 333 3749 etenim
368 3697 547 3764 magis
586 3695 858 3764 sequenda
885 3698 940 3748 et
966 3695 1139 3762 ipsam
1168 3695 1463 3747 orationem
1482 3732 1494 3754 ‚
1568 3710 1669 3747 uae
1696 3695 1832 3747 actis
1859 3695 2126 3762 congruit,
2165 3697 2294 3762 puto

157 3779 299 3829 quam
341 3767 735 3832 Fenestellam,
793 3766 885 3834 qui
941 3781 988 3817 a.
1035 3765 1087 3817 d.
1135 3765 1299 3817 XIIII
1345 3763 1466 3816 Kal.
1559 3765 1666 3818 ebr.
1717 3764 1907 3833 tradit)
1946 3765 2078 3819 Milo
2114 3764 2294 3816 Lanu-

1729 3834 1860 3899 11⁴*
