2669 4354
921 277 1034 316 PRo
1077 278 1129 316 P.
1175 279 1395 318 sEs'r1o.
2129 267 2253 324 217

60 446 244 505 eodem
321 446 555 507 tribuno
622 445 697 505 de
762 463 894 505 mea
973 451 1232 521 pernicie
1303 455 1364 509 et
1444 452 1517 509 de
1584 452 1890 523 provinciis
1957 455 2255 512 consulum

57 535 393 592 nominatim.

210 622 321 680 Hic
387 628 512 680 tum
573 627 806 681 senatus
850 624 1164 698 sollicitus,
1227 642 1359 699 VOS,
1404 627 1628 698 equites
1673 626 1950 701 Romani,
1998 629 2253 703 excitati,
2272 628 2354 694 11

52 710 206 768 Italia
261 716 473 768 cuncta
534 715 831 784 permota,
892 728 1092 770 omnes
1152 712 1401 785 denique
1463 715 1715 772 omnium
1756 732 2035 786 generum
2080 721 2252 788 atque

52 799 293 855 ordinum
344 799 498 856 cives
544 814 801 856 summae
847 800 934 857 rei
978 800 1245 872 publicae
1293 818 1329 858 a
1376 802 1705 860 consulibus
1752 809 1926 874 atque
1967 820 2002 861 a
2032 821 2252 862 summo

50 886 277 960 imperio
346 885 662 958 petendum
728 902 856 945 esse
925 888 1202 945 auxilium
1267 889 1726 964 arbitrabantur,
1794 907 1924 948 cum
1990 891 2078 949 illi
2145 893 2251 950 soli

48 981 230 1032 essent
283 979 530 1048 praeter
583 972 862 1032 furiosum
923 976 1085 1033 illum
1136 977 1430 1034 tribunum
1476 977 1586 1036 duo
1632 979 1720 1035 rei
1760 979 2026 1050 publicae
2069 979 2251 1037 turbi-

45 1078 135 1119 nes
154 1107 171 1137 ,
231 1063 333 1134 qui
395 1079 513 1120 non
574 1062 743 1120 modo
803 1063 1213 1136 praecipitanti
1270 1065 1496 1136 patriae
1541 1082 1657 1123 non
1697 1065 2100 1141 subvenirent,
2145 1068 2251 1125 sed

45 1166 158 1207 eam
234 1150 480 1208 nimium
546 1148 714 1208 tarde
769 1150 1072 1208 concidere
1132 1158 1482 1210 maererent.
1585 1153 1990 1225 Flagitabatur
2045 1155 2118 1213 ab
2175 1155 2249 1213 iis

45 1237 242 1297 cotidie
314 1255 449 1295 cum
515 1238 788 1310 querellis
857 1237 1137 1296 bonorum
1202 1240 1453 1297 omnium
1473 1284 1488 1313 ,
1553 1246 1672 1298 tum
1743 1243 1919 1300 etiam
1978 1243 2249 1315 precibus

44 1332 267 1384 senatus
284 1371 302 1399 ,
352 1330 417 1382 ut
460 1340 648 1383 meam
695 1340 928 1383 causam
971 1328 1362 1400 susciperent,
1407 1335 1654 1401 agerent
1697 1329 1943 1404 aliquid,
1997 1330 2247 1403 denique

43 1415 104 1471 ad
144 1419 421 1472 senatum
464 1412 781 1473 referrent:
839 1430 955 1471 non
998 1414 1166 1472 modo
1212 1416 1507 1490 negando,
1573 1417 1676 1474 sed
1722 1417 1899 1474 etiam
1941 1418 2247 1476 inridendo

43 1502 449 1574 amplissimum
509 1516 794 1573 quemque
850 1501 1007 1559 illius
1052 1502 1270 1560 ordinis
1324 1504 1796 1575 insequebantur.
1887 1505 2000 1562 Hic
2059 1505 2247 1563 subito
2268 1512 2347 1568 26

42 1606 152 1647 cum
191 1589 561 1648 incredibilis
607 1589 668 1645 in
714 1587 1058 1660 Capitolium
1099 1590 1407 1648 multitudo
1454 1608 1525 1648 ex
1569 1596 1695 1649 tota
1736 1593 1878 1650 urbe
1921 1598 2246 1666 cunctaque

43 1678 200 1736 Italia
250 1677 653 1750 convenisset,
698 1681 917 1735 vestem
964 1677 1295 1736 mutandam
1342 1695 1540 1737 omnes
1584 1697 1789 1751 meque
1835 1681 1951 1737 iam
1971 1674 2023 1759 ¹)
2073 1679 2246 1756 [omni

40 1763 276 1839 ratione]
308 1759 366 1844 ²)
409 1766 641 1836 privato
677 1765 942 1838 consilio,
989 1767 1259 1837 quoniam
1304 1767 1549 1839 publicis
1595 1767 1832 1825 ducibus
1875 1784 1972 1826 res
2016 1767 2248 1839 publica

39 1859 285 1928 careret,
354 1851 783 1910 defendendum
842 1858 1136 1925 putarunt.
1236 1853 1383 1912 Erat
1443 1855 1647 1913 eodem
1697 1860 1960 1928 tempore
2013 1862 2249 1914 senatus

37 1942 88 1998 in
127 1941 281 2001 aede
334 1938 727 2012 Concordiae,
773 1939 926 2012 quod
969 1942 1156 2012 ipsum
1201 1943 1479 2015 templum
1523 1943 2004 2015 repraesentabat
2036 1959 2250 2001 memo-

38 2030 169 2087 riam
215 2028 560 2087 consulatus
605 2029 755 2101 mei,
788 2043 918 2085 cum
960 2026 1107 2086 flens
1150 2030 1451 2088 universus
1495 2030 1637 2087 ordo
1683 2031 2070 2089 cincinnatum
2117 2047 2250 2089 con-

38 2119 202 2176 sulem
261 2115 503 2175 orabat:
570 2131 706 2173 nam
772 2116 922 2173 alter
974 2117 1075 2175 ille
1129 2117 1396 2174 horridus
1457 2123 1516 2175 et
1575 2134 1812 2177 severus
1868 2120 2126 2177 consulto
2184 2135 2247 2177 se

40 2205 170 2264 domi
243 2205 605 2263 continebat.
728 2204 853 2274 Qua
917 2208 1038 2262 tum
1110 2207 1381 2277 superbia
1446 2222 1689 2265 caenum
1754 2207 1899 2265 illud
1964 2223 2034 2266 ac
2086 2207 2251 2266 labes

40 2292 377 2368 amplissimi
422 2292 639 2350 ordinis
683 2308 884 2363 preces
931 2297 991 2350 et
1037 2293 1485 2351 clarissimorum
1529 2295 1740 2352 civium
1784 2295 2051 2353 lacrimas
2082 2313 2253 2368 repu-

43 2381 229 2440 diavit!
294 2397 397 2438 me
456 2380 644 2451 ipsum
701 2385 766 2437 ut
825 2383 1168 2453 contempsit
1220 2381 1418 2440 helluo
1463 2383 1718 2454 patriae!
1779 2400 1914 2441 nam
1958 2384 2097 2455 quid
2143 2400 2250 2457 ego

42 2467 373 2541 patrimonii
418 2468 607 2526 dicam
624 2511 640 2540 ,
685 2467 836 2539 quod
880 2468 980 2526 ille
1019 2473 1231 2542 totum,
1275 2470 1532 2541 quamvis
1579 2476 1882 2542 quaestum
1901 2464 1954 2550 ³)
2009 2471 2253 2546 faceret,

43 2559 216 2616 amisit
233 2562 265 2615 ‘?
364 2555 621 2613 Venistis
637 2550 692 2635 ⁴)
733 2556 806 2612 ad
852 2561 1113 2614 senatum
1156 2573 1257 2614 vos
1276 2551 1358 2636 ⁶),
1404 2559 1668 2632 inquam,
1717 2560 1939 2630 equites
1990 2558 2250 2631 Romani,

43 2651 92 2703 et
154 2659 373 2703 omnes
455 2642 592 2700 boni
672 2648 834 2700 veste
915 2649 1169 2717 mutata,
1248 2661 1464 2717 vosque
1542 2662 1647 2717 pro
1714 2662 1844 2704 meo
1910 2647 2099 2719 capite
2177 2648 2253 2705 ad

41 2734 204 2803 pedes
252 2732 492 2791 lenonis
534 2730 908 2802 impurissimi
947 2732 1290 2805 proiecistis,
1384 2733 1531 2790 Tum
1549 2730 1600 2811 ⁶)
1644 2735 1850 2792 vestris
1880 2733 2148 2806 precibus
2178 2735 2253 2792 ab

39 2820 253 2879 latrone
319 2820 425 2877 illo
479 2816 799 2890 repudiatis
857 2820 949 2876 vir
1002 2819 1330 2877 incredibili
1385 2817 1528 2893 fide,
1607 2821 2003 2894 magnitudine
2056 2822 2253 2896 animi,

39 2909 399 2979 constantia,
439 2906 505 2963 L.
553 2906 802 2963 Ninnius
820 2950 836 2978 ,
882 2906 957 2963 ad
1000 2912 1260 2964 senatum
1306 2908 1380 2966 de
1425 2924 1491 2966 re
1535 2909 1767 2980 publica
1811 2909 2042 2967 rettulit
2086 2925 2254 2968 sena-

38 3002 231 3070 tusque
281 2995 567 3066 frequens
611 2998 834 3051 vestem
875 3011 980 3066 pro
1024 3011 1155 3052 mea
1187 2996 1371 3053 salute
1416 2996 1749 3054 mutandam
1795 2998 2034 3055 censuit.

198 3083 251 3142 0
304 3083 465 3140 diem
507 3082 669 3138 illum
687 3125 703 3154 ,
747 3079 999 3155 iudices,
1043 3082 1333 3140 funestum
1380 3085 1606 3142 senatui
1649 3085 1928 3157 bonisque
1974 3084 2357 3159 omnibu8,12

38 3174 112 3229 rei
172 3171 460 3245 publicae
502 3170 860 3242 luctuosum,
913 3171 1053 3228 mihi
1093 3171 1169 3228 ad
1214 3170 1592 3230 domesticum
1636 3188 1954 3231 maerorem
2002 3189 2254 3247 gravem,
2275 3182 2354 3238 27

41 3260 102 3317 ad
143 3256 524 3333 posteritatis
566 3259 904 3316 memoriam
934 3258 1272 3331 gloriosum!
1364 3259 1512 3330 Quid
1556 3261 1709 3318 enim
1739 3261 2038 3332 quisquam
2066 3265 2259 3333 potest

41 3363 100 3403 ex
142 3347 312 3406 omni
355 3345 636 3404 memoria
684 3362 912 3403 sumere
955 3345 1286 3421 inlustrius,
1333 3363 1505 3420 quam
1547 3365 1653 3420 pro
1685 3364 1798 3406 uno
1830 3348 1953 3406 cive
1988 3354 2049 3407 et
2077 3348 2258 3407 bonos

166 3555 223 3621 1)
270 3552 367 3605 Sic
405 3550 472 3604 de
509 3550 646 3604 coni.
686 3548 946 3619 Madvig„
983 3550 1136 3603 codd.
1175 3550 1359 3605 etiam.
1523 3553 1576 3619 2)
1616 3554 1766 3606 omni
1799 3559 1907 3607 rat.
1946 3552 2099 3606 uncis
2131 3552 2258 3606 incl.

44 3621 333 3677 Eberhard.
551 3622 606 3687 3)
648 3619 737 3673 Sic
786 3621 943 3674 Halm
990 3622 1153 3685 coni.;
1201 3621 1316 3674 cod.
1350 3623 1470 3675 Par.
1509 3629 1624 3674 tum
1660 3640 1772 3691 quar
1807 3628 2117 3691 quaestum,
2164 3623 2262 3676 alii

44 3697 145 3744 tum
180 3690 358 3760 quasi
392 3695 681 3758 quaestum
690 3709 710 3756 ‚·
760 3692 923 3759 vulgo
971 3708 1095 3744 cum
1134 3692 1294 3757 quasi
1340 3698 1637 3759 quaestum.
1848 3695 1903 3759 4)
1944 3694 2033 3746 Sic
2068 3693 2260 3756 Halm3

46 3763 271 3816 venisset
327 3761 504 3825 codd.;
575 3761 801 3815 lacunae
862 3761 1073 3829 signum
1136 3761 1316 3814 addid.
1380 3762 1604 3829 Kayser.
1695 3763 1872 3831 Vulgo
1921 3764 2051 3817 haec
2100 3765 2262 3816 verba

51 3835 270 3887 venisset
321 3831 398 3883 ad
443 3836 698 3884 senatum
747 3848 849 3883 om.
1061 3834 1115 3899 5)
1151 3847 1245 3884 vos
1255 3871 1270 3897 ‚
1309 3848 1405 3885 vos
1440 3832 1606 3885 Koch.
1852 3836 1906 3901 6)
1950 3834 2039 3888 Sic
2074 3834 2260 3897 Halm3

47 3904 182 3957 codd.
224 3919 358 3956 cum
371 3920 392 3969 ,·
435 3901 596 3969 vulgo
632 3917 755 3954 cum
791 3901 982 3954 vestris
1014 3918 1100 3967 pr.
1138 3901 1421 3969 repudiati
1459 3902 1604 3958 estis,
1687 3902 1788 3956 Vir
1830 3907 1932 3958 cet.
