2669 4354
897 282 1080 321 mmm
1123 281 1411 331 QVARTVS.
2134 272 2260 330 309

75 456 243 524 quanti
290 455 520 512 emeris
612 455 760 526 Quid
806 454 907 513 fit?
967 473 1308 528 quamquam
1366 473 1482 513 non
1540 456 1824 525 debebam
1891 476 1998 532 ego
2044 461 2146 518 abs
2202 467 2262 518 te
2283 464 2367 521 36*

74 542 152 600 has
193 543 419 601 litteras
463 559 732 616 poscere,
790 560 881 601 me
929 545 1079 600 enim
1139 543 1368 601 tabulas
1426 552 1553 602 tuas
1610 544 1828 602 habere
1877 552 1938 605 et
1993 546 2262 620 proferre

75 632 379 702 oportebat:
440 648 639 689 verum
685 648 863 705 negas
907 637 966 689 te
1013 632 1216 688 horum
1261 647 1542 689 annorum
1585 633 1804 704 aliquot
1826 628 1878 710 ¹)
1924 633 2260 696 confecisse.

76 717 334 793 Compone
395 720 530 791 hoc,
594 718 744 790 quod
810 718 1066 792 postu10,
1133 718 1206 777 de
1275 725 1546 793 argentm
1606 721 1677 778 de
1746 721 1970 793 reliquo
2038 722 2260 782 videre.

77 808 200 865 ‘Nec
246 808 525 879 scriptum
570 806 758 864 habeo
806 823 916 863 nec
971 823 1203 879 possum
1252 806 1474 864 edere’.
1576 808 1725 879 Quid
1779 807 2032 867 futurum
2085 810 2263 882 igitur

77 899 173 952 est?
225 895 363 967 quid
389 896 706 953 existimas
747 895 854 952 hos
877 888 930 973 ²)
993 895 1213 952 iudices
1259 894 1456 953 facere
1504 900 1712 969 posse?
1814 898 2034 956 Domus
2088 899 2263 970 plena

74 984 334 1056 signorum
378 984 893 1056 pulcherrimorum
950 983 1066 1041 iam
1130 988 1265 1040 ante
1321 989 1680 1058 praeturam3
1743 988 1920 1043 multa
1968 986 2043 1044 ad
2097 986 2262 1045 villas

73 1077 172 1129 tua's
214 1072 404 1144 posita
421 1116 436 1144 ,
481 1072 661 1129 multa
707 1071 968 1144 deposita
1015 1071 1168 1144 apud
1209 1072 1424 1129 amicos
1440 1116 1456 1144 ,
1503 1073 1683 1129 multa
1728 1073 1856 1130 aliis
1902 1073 2040 1132 data
2084 1079 2262 1146 atque

72 1158 286 1233 donata,
330 1159 569 1217 tabulae
615 1161 833 1217 nullum
878 1160 1139 1218 indicant
1185 1165 1454 1231 emptum.
1547 1158 1729 1217 Omne
1761 1167 2068 1232 argentum
2102 1162 2263 1221 abla-

73 1254 168 1304 tum
211 1264 284 1305 ex
325 1246 551 1309 Sicilia·
574 1254 691 1320 est,
751 1247 894 1304 nihil
941 1248 1231 1319 cuiquam,
1288 1245 1442 1317 quod
1495 1263 1661 1304 suum
1706 1247 1819 1305 dici
1864 1250 2070 1323 vellet,
2123 1250 2262 1309 reli-

72 1341 210 1392 ctum.
301 1336 575 1408 Fingitur
633 1335 898 1407 improba
943 1332 1202 1392 defensio
1250 1321 1578 1406 praetorefn
1624 1351 1793 1393 omne
1843 1336 1905 1393 id
1957 1344 2263 1410 argentum

73 1425 357 1495 coemisse,
415 1430 614 1482 tamen
658 1422 719 1479 id
764 1423 951 1495 ipsum
1006 1422 1218 1480 tabulis
1275 1422 1662 1480 demonstrari
1721 1439 1838 1481 non
1893 1431 2102 1496 potest.
2201 1424 2263 1483 Si

72 1527 186 1582 quas
243 1512 473 1570 tabulas
534 1510 787 1584 proferS,
855 1512 915 1566 in
977 1511 1049 1567 iis
1067 1503 1144 1590 ⁸),
1215 1525 1361 1582 quae
1431 1509 1611 1568 habes
1674 1512 1956 1582 quomodo
2024 1513 2262 1587 habeaS,

73 1601 322 1672 scriptum
366 1615 485 1675 non
532 1604 645 1671 est,
689 1599 892 1655 horum
939 1605 1131 1656 autem
1170 1604 1524 1672 temporum,
1573 1614 1702 1655 cum
1747 1605 1805 1656 te
1845 1600 2121 1673 plurimas
2167 1617 2260 1659 res

74 1689 252 1745 emisse
319 1687 495 1758 dicis,
552 1686 781 1745 tabulas
839 1687 1070 1744 omnino
1113 1686 1305 1743 nullas
1350 1686 1607 1759 proferS,
1668 1702 1858 1744 nonne
1919 1694 1978 1746 te
2028 1693 2088 1746 et
2130 1705 2261 1760 pro-

72 1774 176 1833 latis
217 1783 279 1834 et
325 1791 442 1833 non
478 1776 720 1848 prolatis
766 1775 979 1832 tabulis
1023 1772 1395 1831 condemnari
1440 1790 1679 1832 necesse
1727 1777 1856 1833 est?

218 1864 310 1921 Tu
353 1881 390 1921 a
432 1863 538 1943 M„
563 1862 759 1920 Coelio
775 1856 856 1941 ⁴),
920 1862 1113 1934 equite
1159 1860 1446 1931 Romane,
1507 1863 1819 1919 lectissimo
1864 1862 2259 1932 adulescente,
2281 1861 2364 1928 17

71 1967 193 2020 quae
249 1951 509 2024 voluisti,
570 1950 834 2023 Lilybaei
892 1949 1207 2023 abstulisti3
1266 1956 1328 2006 tu
1374 1948 1433 2006 C.
1467 1948 1724 2022 Cacurii,
1783 1951 2034 2023 prompti
2080 1950 2261 2009 homi·
2281 1957 2364 2013 37

68 2038 136 2095 nis
186 2045 246 2097 et
309 2039 665 2113 experientis
717 2044 778 2095 et
838 2040 897 2095 in
957 2037 1156 2110 primis
1216 2037 1487 2111 gratiosi,
1564 2037 1980 2110 supellectilem
2035 2054 2262 2097 omnem

67 2124 273 2187 auferre
323 2144 439 2186 non
502 2127 813 2201 dubitasti,
883 2130 945 2183 tu
1013 2125 1315 2184 maximam
1379 2131 1440 2184 et
1499 2126 1943 2200 pulcherrimam
2006 2143 2262 2186 mensam

68 2215 288 2275 citream
359 2234 394 2274 a
451 2216 515 2287 Q.
563 2216 795 2273 Lutatio
847 2213 1128 2286 Diodoro,
1202 2214 1298 2285 qui
1360 2213 1422 2284 Q.
1485 2214 1674 2273 Catuli
1741 2213 2020 2273 beneficio
2083 2215 2157 2274 ab
2197 2215 2264 2273 L.

68 2300 200 2363 Sulla
269 2306 411 2362 civis
479 2303 770 2361 Romanus
842 2301 1052 2381 factus,
1094 2309 1211 2375 est,
1279 2302 1539 2360 omnibus
1613 2303 1929 2362 scientibus
1996 2302 2262 2376 Lilybaei

69 2391 347 2450 abstulisti.
470 2392 601 2450 Non
661 2392 771 2450 tibi
837 2391 1056 2462 obici0,
1133 2389 1283 2461 quod
1344 2390 1634 2448 hominem
1695 2390 2090 2463 dignissimum
2147 2392 2264 2450 tuis

69 2482 324 2554 moribus,
391 2480 788 2553 Apollonium,
852 2478 1088 2535 Niconis
1148 2477 1355 2550 filium,
1416 2478 1901 2552 Drepanitanum,
1954 2481 2049 2550 qui
2107 2497 2262 2537 nunc

69 2568 119 2623 A.
169 2567 443 2627 Claudius
499 2573 764 2639 vocatur,
851 2566 1005 2623 omni
1074 2572 1316 2636 argento
1377 2566 1590 2638 optime
1657 2564 1811 2624 facto
1877 2568 2136 2639 spoliasti
2195 2584 2264 2625 ac

63 2752 356 2816 propterea
400 2744 553 2816 quod
599 2743 816 2801 homini
872 2744 990 2800 iam
1033 2741 1261 2814 perdito
1307 2747 1369 2799 et
1414 2741 1620 2798 collum
1670 2742 1728 2798 in
1777 2742 2046 2814 laqueum
2072 2735 2084 2750 ’
2107 2743 2261 2800 inse-

64 2833 194 2888 renti
252 2832 605 2904 subvenisti,
672 2848 802 2888 cum
859 2830 1093 2903 pupillis
1137 2827 1551 2912 Drepanitanis
1611 2828 1761 2887 bona
1811 2830 2006 2902 patria
2034 2827 2264 2902 'erepta

62 2933 170 2977 cum
212 2921 318 2978 illo
373 2920 620 2993 partitus
671 2935 751 2976 eS.
856 2917 1096 2976 Gaudeo
1146 2918 1348 2987 etiam,
1409 2918 1458 2974 si
1512 2917 1649 2988 quid
1711 2916 1784 2974 ab
1837 2932 1907 2975 eo
1955 2918 2264 2992 abstulisti,

63 3012 108 3062 et
148 3010 251 3066 abs
290 3014 352 3066 te
401 3008 544 3065 nihil
586 3007 801 3065 rectius
844 3006 1058 3063 factum
1106 3022 1231 3063 esse
1278 3005 1447 3082 dico2
1513 3004 1602 3062 Ab
1649 3004 1879 3077 Lysone
1926 3022 2064 3063 vero
2109 3006 2264 3079 Lily-

61 3093 321 3171 baetan0,
397 3097 586 3170 primo
645 3095 905 3168 homine,
975 3093 1128 3166 apud
1187 3110 1358 3166 quem
1414 3094 1752 3151 deversatus
1812 3110 1907 3166 eS,
1979 3094 2265 3166 Apollinis

60 3184 267 3256 signum
315 3186 573 3243 ablatum
609 3189 768 3242 certe
816 3198 931 3240 non
976 3183 1246 3254 oportuit.
1338 3181 1513 3239 Dices
1555 3187 1614 3238 te
1657 3182 1882 3239 emisse.
1975 3182 2104 3240 Scio
2150 3182 2263 3241 HS.

60 3269 123 3329 M.
214 3273 337 3331 ‘Ita
382 3267 631 3346 opinor'.
722 3270 886 3342 Scin,
933 3271 1185 3342 inquam.
1277 3269 1610 3327 ‘Proferam
1671 3265 1941 3327 litteras'.
2045 3267 2265 3328 Tamen

60 3357 105 3414 id
157 3360 376 3418 facturn
437 3377 553 3418 non
609 3357 884 3431 oportuit.
997 3359 1049 3415 A
1119 3358 1339 3431 pupillo
1406 3357 1588 3431 Hei0,
1665 3358 1756 3415 cui
1825 3356 1886 3414 G.
1950 3357 2266 3416 Marcellus

183 3610 237 3676 1)
299 3605 513 3674 aliquid
562 3606 772 3674 Zumpt.
971 3605 1023 3671 2)
1072 3602 1168 3656 hos
1226 3621 1286 3657 ex
1337 3601 1477 3659 Gud.
1539 3602 1726 3668 Halm,
1793 3603 1886 3673 qui
1925 3609 2086 3658 antea
2120 3621 2266 3673 susp.

58 3678 387 3732 scribendum
425 3693 541 3731 esse
580 3676 702 3737 hic·,·
747 3676 848 3728 hoc
883 3676 994 3728 cod.
1031 3675 1194 3741 Reg.;
1243 3675 1400 3727 hosce
1435 3676 1631 3727 Miiller
1666 3692 1726 3727 ex
1764 3677 2014 3743 Lagom.;
2064 3674 2269 3728 iudices

57 3747 208 3803 Bakio
250 3753 472 3802 auctore
512 3747 746 3815 Kayser,
786 3746 974 3812 Halm,
1015 3745 1294 3799 Eberhard
1331 3763 1452 3799 unc.
1504 3745 1628 3798 incl.
1789 3789 1794 3795 .
1853 3747 1906 3804 3)
1946 3746 2034 3798 his
2070 3763 2114 3798 c.
2153 3745 2266 3799 cod.

58 3817 175 3889 Reg.
217 3820 414 3884 Halm,
463 3817 769 3879 Eberhard,
828 3817 1040 3871 Miiller.
1252 3817 1309 3884 4)
1361 3815 1540 3871 Coelio
1593 3832 1657 3868 ex
1704 3815 1820 3870 cod.
1857 3816 1994 3883 Reg.
2032 3816 2258 3878 Miiller3

59 3889 232 3943 Caelio
276 3890 456 3944 ceteri.
