2669 4354
4 87 9 118 l

4 121 11 200 i

931 251 1043 295 Pno
1086 254 1138 294 P.
1183 252 1400 295 sns'r10.
2146 238 2271 297 227

96 318 238 327 ——.

2 345 23 512 k
95 426 334 483 victorem
389 427 550 484 vivus
607 427 927 501 inimicum,
1004 426 1209 485 eadem
1274 427 1386 485 sibi
1428 416 1617 486 manu
1683 430 1861 486 vitam
1923 430 2271 506 exhausisse,

4 515 15 582 ξ
92 530 184 585 qua
221 519 458 572 mortem
505 531 681 587 saepe
725 514 988 574 hostibus
1033 515 1376 573 obtulisset?

6 621 11 674 .'
234 602 394 660 Haec
448 619 554 675 ego
598 609 658 660 et
702 602 884 660 multa
945 603 1059 662 alia
1113 603 1376 676 cogitans
1430 604 1540 660 hoc
1584 603 1878 675 videbam,
1940 606 1990 662 si
2036 622 2267 665 causam
2290 605 2377 671 22

4 687 11 722 ἓ
88 690 343 760 publicam
402 706 536 747 mea
595 707 748 748 mors
808 692 1180 763 peremisset,
1256 692 1547 749 neminem
1610 708 1879 764 umquam
1947 691 2100 767 fore,
2171 697 2268 767 qui
2288 699 2367 755 49

4 719 15 860 Ξ
86 777 299 836 auderet
358 778 654 850 suscipere
713 785 916 837 contra
977 779 1266 850 improbos
1326 780 1482 836 cives
1542 780 1787 838 salutem
1838 782 1927 839 rei
1982 782 2267 853 publicae.

4 865 13 908 ἔ
84 864 258 937 Itaque
307 881 422 922 non
468 867 652 923 solum
698 867 749 922 si
789 867 846 924 vi
890 868 1251 939 interissem,
1310 867 1415 924 sed
1471 868 1645 925 etiam
1702 869 1751 924 si
1806 869 2007 927 morbo
2054 872 2268 928 exstin-

83 960 187 1009 ctus
231 970 419 1011 essem
437 997 452 1026 ,
510 953 632 1012 fore
692 954 994 1028 putabam,
1059 959 1124 1012 ut
1184 955 1510 1028 exemplum
1564 956 1654 1013 rei
1709 955 1977 1028 publicae
2036 973 2266 1017 conser-

80 1042 275 1099 vandae
321 1058 550 1099 mecum
594 1043 763 1099 simul
806 1043 1090 1101 interiret.
1152 1041 1291 1113 Quis
1339 1043 1493 1101 enim
1539 1060 1808 1115 umquam
1846 1060 1938 1101 me
1985 1061 2021 1102 a
2061 1051 2267 1104 senatu

79 1131 378 1202 populoque
424 1128 684 1187 Romano
730 1135 891 1188 tanto
937 1132 1186 1188 omnium
1245 1130 1522 1188 bonorum
1568 1132 1757 1189 studio
1803 1149 1919 1190 non
1976 1134 2264 1208 restituto,

79 1217 207 1287 quod
250 1225 447 1291 certe,
494 1218 543 1274 si
589 1233 775 1276 essem
820 1217 1188 1291 interfectuS,
1248 1219 1516 1276 accidere
1561 1236 1676 1278 non
1719 1221 2034 1294 potuisset,
2090 1222 2265 1280 ullam

76 1306 147 1361 rei
186 1306 449 1377 publicae
496 1311 723 1378 partem
769 1322 897 1364 cum
952 1323 1058 1365 sua
1103 1307 1341 1364 minima
1385 1306 1602 1366 invidia
1645 1306 1889 1366 auderet
1932 1310 2220 1383 attingere
2238 1314 2265 1366 ‘?

76 1391 288 1451 Servavi
345 1394 526 1467 igitur
569 1411 695 1452 rem
750 1393 1042 1467 publicam
1100 1394 1358 1452 discessu
1414 1410 1568 1469 me0,
1627 1395 1877 1454 iudices:
1936 1398 2176 1455 caedem
2229 1415 2265 1456 a

12 1459 23 1562 ξ
74 1480 210 1539 vobis
237 1481 558 1553 liberisque
588 1483 830 1555 vestriS,
877 1484 1239 1555 vastitatem,
1286 1482 1583 1553 incendia,
1629 1484 1861 1555 rapinas
1906 1500 2036 1542 meo
2064 1485 2262 1544 dolore

12 1571 25 1686 l
73 1568 320 1642 luctuque
367 1570 566 1642 depuli
611 1575 672 1628 et
716 1587 863 1628 unus
907 1571 995 1628 bis
1030 1586 1154 1629 rem
1199 1570 1490 1643 publicam
1534 1572 1791 1645 servavi,
1833 1574 2016 1630 semel
2059 1574 2261 1647 gloria,

12 1691 23 1724 s
72 1655 256 1715 iterum
301 1674 582 1716 aerumna
632 1674 780 1716 mea.
888 1659 1092 1731 Neque
1155 1659 1308 1716 enim
1362 1659 1425 1715 in
1472 1658 1581 1716 hoc
1634 1676 1727 1717 me
1783 1659 2073 1719 hominem
2134 1678 2262 1721 esse

12 1731 21 1820 Ι
70 1742 337 1804 infitiabor
381 1761 675 1819 umquam,
721 1751 787 1803 ut
830 1763 921 1805 me
966 1747 1180 1819 optimo
1223 1746 1406 1804 fratre
1425 1791 1440 1820 ,
1482 1747 1791 1805 carissimis
1833 1746 2032 1805 liberis
2049 1793 2064 1822 ,
2107 1748 2262 1807 fidis-

12 1823 21 1910 ξ
70 1832 192 1892 sima
236 1834 485 1904 coniuge
507 1878 522 1907 ,
570 1839 763 1891 vestro
810 1840 1153 1908 conspectu,
1208 1835 1430 1908 patria,
1486 1835 1593 1893 hoc
1632 1834 1864 1893 honoris
1907 1836 2091 1908 gradu
2134 1838 2259 1896 sine

14 1913 21 1990 ἰ
73 1920 250 1981 dolore
298 1921 556 1979 caruisse
601 1922 833 1995 glorier.
941 1922 1103 1994 Quod
1148 1923 1197 1979 si
1252 1920 1547 1995 fecissem,
1615 1923 1765 1995 quod
1820 1939 1856 1981 a
1908 1941 1999 1982 me
2045 1923 2262 1983 benefi-

12 2003 21 2082 ξ
71 2009 196 2067 cium
239 2010 570 2083 haberetis,
617 2025 748 2068 cum
791 2019 897 2083 pro
941 2011 1102 2068 vobis
1146 2026 1248 2084 ea,
1293 2027 1441 2083 quae
1487 2010 1629 2068 mihi
1671 2017 1866 2070 essent
1909 2013 2076 2087 vilia,
2122 2013 2259 2071 reli—

12 2089 19 2106 ”
70 2098 297 2167 quissem
317 2102 344 2154 ‘?
434 2097 562 2155 Hoc
606 2115 736 2156 meo
783 2098 1015 2170 quidem
1060 2099 1250 2157 animo
1297 2099 1502 2156 summi
1528 2093 1577 2180 ¹)
1633 2099 1694 2156 in
1749 2101 1997 2172 patriam
2046 2102 2258 2160 amoris

69 2188 161 2243 mei
203 2189 433 2260 signum
479 2202 608 2245 esse
654 2186 831 2245 debet
886 2188 1291 2260 certissimum,
1360 2188 1533 2262 quod,
1602 2205 1731 2246 cum
1792 2183 1996 2249 abesse
2054 2190 2128 2250 ab
2186 2205 2258 2249 ea

10 2308 11 2311 =
69 2274 170 2331 sine
218 2292 442 2334 summo
489 2274 687 2333 dolore
733 2292 849 2334 non
900 2293 1159 2351 possem,
1224 2276 1377 2333 hunc
1438 2293 1531 2335 me
1581 2277 1811 2349 perpeti
1871 2295 2042 2351 quam
2098 2279 2253 2337 illam

8 2358 39 2391 ²·
68 2360 387 2422 labefactari
445 2363 520 2420 ab
581 2364 856 2435 improbis
904 2365 1095 2422 malui.
1203 2364 1616 2438 Memineram,
1684 2365 1938 2440 iudices,
2004 2366 2258 2425 divinum
2278 2371 2359 2427 50

10 2494 15 2515 ,
67 2449 200 2510 illum
243 2453 433 2510 virum
495 2456 667 2524 atque
714 2469 786 2509 ex
830 2452 1047 2525 isdem,
1118 2452 1320 2524 quibus
1366 2469 1503 2526 n08,
1573 2452 1865 2511 radicibus
1920 2459 2121 2512 natum
2182 2454 2258 2513 ad

6 2566 15 2583 ι
67 2539 283 2597 salutem
338 2541 509 2598 huius
552 2540 809 2612 imperii,
871 2539 932 2597 G.
977 2541 1250 2613 Marium,
1305 2557 1524 2598 summa
1570 2546 1898 2614 senectute,
1956 2558 2083 2601 cum
2125 2543 2181 2600 vi
2205 2538 2257 2623 ²)

8 2586 21 2705 l
64 2642 218 2700 prope
260 2629 549 2686 iustorum
610 2644 894 2687 armorum
938 2626 1317 2701 profugisset,
1374 2628 1557 2700 primo
1602 2629 1786 2687 senile
1833 2646 2041 2703 corpus
2093 2632 2257 2703 palu-

7 2738 15 2791 ξ
64 2712 206 2772 dibus
267 2718 591 2774 occultasse
647 2716 1001 2789 demersum,
1073 2715 1284 2774 deinde
1338 2715 1412 2773 ad
1472 2713 1794 2774 infimorum
1856 2733 1926 2775 ac
1981 2717 2255 2776 tenuissi-

6 2802 17 2893 ᾗ
62 2818 260 2862 morum
305 2804 602 2862 hominum
630 2805 1119 2862 Minturnensium
1137 2798 1188 2884 ³)
1228 2804 1686 2862 misericordiam
1720 2805 2071 2879 confugisse,
2116 2805 2253 2864 inde

60 2893 268 2964 navigio
314 2908 635 2966 perparvO,
695 2909 826 2950 cum
871 2908 1069 2950 omnes
1113 2898 1312 2964 portus
1358 2897 1657 2966 terrasque
1702 2890 1965 2967 fugeret,
2018 2895 2080 2952 in
2124 2911 2255 2953 oras

58 2977 275 3039 Africae
331 2981 758 3039 desertissimas
817 2981 1173 3053 pervenisse.
1271 2980 1449 3053 Atqui
1466 2975 1520 3058 ⁴)
1564 2980 1664 3038 ille
1705 2981 1881 3038 vitam
1930 2997 2120 3056 suam,
2179 2999 2255 3040 ne

58 3066 254 3127 inultus
290 3074 474 3142 esset,
522 3067 598 3126 ad
640 3068 1083 3126 incertissimam
1129 3085 1290 3140 spem
1334 3074 1396 3125 et
1437 3068 1513 3126 ad
1557 3070 1646 3126 rei
1690 3069 1956 3141 publicae
2004 3069 2185 3128 fatum
2204 3063 2255 3149 ⁵)

58 3158 392 3216 reservavit:
472 3171 609 3230 eg0‚
680 3156 805 3230 qui,
881 3173 1052 3228 quem
1114 3156 1188 3214 ad
1246 3156 1478 3214 modum
1546 3156 1710 3214 multi
1770 3157 1832 3214 in
1894 3163 2102 3215 senatu
2162 3174 2255 3216 me

58 3243 280 3304 absente
325 3246 626 3318 dixerunt,
688 3244 947 3317 periculo
991 3245 1080 3302 rei
1123 3244 1393 3316 publicae
1438 3244 1702 3302 vivebam
1750 3244 1962 3316 quique
2009 3245 2081 3303 ob
2127 3262 2257 3304 eam

58 3346 272 3391 causam
319 3333 720 3391 consularibus
776 3332 988 3390 litteris
1046 3332 1119 3390 de
1166 3338 1404 3390 senatus
1450 3333 1742 3391 sententia
1797 3333 2013 3391 exteris
2072 3334 2259 3393 natio-

176 3588 230 3654 1)
273 3585 532 3657 Speciosa
557 3584 714 3638 Bakii
751 3582 1075 3637 emendatio:
1112 3581 1212 3636 hoc
1243 3582 1345 3636 mei
1384 3581 1557 3636 animi
1593 3581 1895 3649 summique
1932 3586 2030 3651 etc.
2122 3584 2175 3650 2)
2203 3585 2260 3639 vi

58 3670 137 3708 scr.
168 3658 385 3720 Halm.;
424 3655 576 3709 codd.
615 3655 754 3720 vim;
792 3654 860 3707 H.
880 3654 1004 3708 Keil
1039 3653 1499 3720 vim—-fuyisset
1599 3654 1652 3720 3)
1692 3654 1779 3706 Sic
1802 3654 2061 3721 Lambin;
2100 3655 2255 3707 Min-

60 3727 220 3780 tm-nis
261 3727 445 3792 codd,
497 3726 638 3794 quod
679 3742 795 3778 unc.
835 3725 961 3778 incl.
998 3725 1177 3778 Klotz.
1389 3724 1445 3792 4)
1493 3723 1667 3789 Atqui
1701 3724 2045 3787 Fleckeisen3
2093 3726 2257 3794 vulgo

58 3801 208 3862 atque.
378 3800 433 3865 5)
470 3797 567 3863 *Sic
600 3796 1004 3863 Pantagathus;
1043 3794 1195 3849 codd.
1232 3801 1444 3853 ratum,-
1485 3792 1625 3846 unde
1664 3793 1920 3847 Garatoni
1961 3811 2057 3848 scr.
2096 3801 2145 3848 et
2180 3795 2258 3846 ad

60 3865 210 3920 alium
246 3869 328 3921 rei
357 3884 419 3935 p.
459 3872 695 3930 statum,
734 3866 979 3919 Lambin.
1017 3882 1158 3932 spem
1193 3864 1276 3917 rei
1307 3863 1563 3932 publicae
1596 3864 2024 3932 recuperandae.
