2669 4354
371 229 495 286 192
1371 241 1590 283 omno

369 415 613 489 gloriam
656 415 1096 488 sempiternam,
1154 413 1312 472 vobis
1356 414 1503 473 haec
1547 413 1792 472 fruenda
1834 414 2222 485 relinqueret,
2265 425 2425 483 quae
2469 410 2591 482 ipse

371 507 673 562 servasset.
778 502 951 560 Multi
996 502 1172 559 etiam
1218 501 1527 561 Catilinam
1571 507 1744 574 atque
1804 502 1904 559 illa
1945 504 2217 573 portenta
2269 498 2594 571 loqueban-

369 595 490 651 tur:
536 636 570 665 „
585 596 876 663 erumpet,
921 590 1226 662 occupabit
1254 590 1509 662 aliquem
1550 592 1767 663 locum,
1811 588 2027 647 bellum
2070 588 2298 660 patriae
2343 585 2529 645 faciet
2542 586 2592 646 “.

371 678 619 737 Miseros
661 677 950 736 interdum
998 678 1152 735 cives
1199 677 1413 749 optime
1460 677 1532 734 de
1578 695 1643 735 re
1689 677 1916 750 publica
1959 677 2223 749 meritOS,
2277 676 2343 733 in
2391 674 2594 746 quibus

369 766 629 825 homines
686 783 802 824 non
848 765 1018 826 modo
1062 781 1157 823 res
1204 766 1694 837 praeclarissimas
1737 765 2199 833 obliviscuntur,
2260 763 2370 821 sed
2423 764 2594 821 etiam

271 850 354 908 64
372 853 626 913 nefarias
673 846 1132 931 suspicanturll)
1220 852 1379 927 Ergo
1423 854 1524 912 illa
1568 852 1716 911 falsa
1757 851 2008 925 fuerunt,
2055 868 2204 925 quae
2244 856 2419 909 certe
2462 867 2597 909 vera

374 943 760 1015 exstitissent,
808 942 857 998 si
901 942 1044 998 Milo
1075 941 1402 1000 admisisset
1447 941 1696 1015 aliquid,
1744 941 1894 1013 quod
1937 955 2054 998 non
2098 945 2298 1012 posset
2348 939 2594 997 honeste

372 1046 625 1102 vereque
671 1029 1007 1088 defendere.

265 1107 357 1175 24
548 1116 734 1187 Quid?
793 1134 943 1190 quae
1004 1121 1206 1190 postea
1264 1123 1399 1175 sunt
1451 1118 1512 1175 in
1571 1134 1702 1175 eum
1760 1121 2062 1190 congesta,
2124 1132 2273 1187 quae
2334 1114 2596 1188 quemvis

376 1206 552 1263 etiam
608 1193 986 1264 mediocfium
1032 1204 1376 1263 delictorum
1424 1206 1779 1263 conscientia
1830 1204 2247 1277 perculissent,
2312 1208 2383 1260 ut
2430 1202 2595 1260 susti·
2641 1216 2653 1227 ·

375 1294 531 1366 nuit,
572 1293 651 1351 dii
698 1294 1075 1351 immortales!
1122 1293 1436 1350 sustinuit?
1478 1294 1650 1350 immo
1694 1308 1835 1351 vero
1880 1296 1943 1349 ut
1989 1292 2335 1364 contempsit
2376 1308 2452 1349 ac
2497 1306 2595 1364 pro

374 1381 558 1439 nihilo
615 1382 866 1455 putavit!
926 1398 1074 1453 quae
1121 1396 1309 1453 neque
1356 1382 1601 1439 maximo
1662 1381 1855 1438 animo
1918 1395 2129 1437 nocens
2187 1395 2388 1451 neque
2437 1380 2596 1436 inno-

377 1485 546 1542 cenS,
609 1470 721 1527 nisi
762 1468 1103 1527 fortissimus
1149 1469 1263 1541 vir,
1317 1470 1633 1542 neglegere
1678 1469 1979 1541 potuisset.
2071 1467 2383 1525 Scutorum
2403 1512 2419 1540 ,
2478 1468 2594 1537 gla-

377 1557 630 1631 diorum,
720 1556 1012 1615 frenorum
1034 1550 1087 1636 2)
1156 1556 1520 1629 pilorumque
1599 1556 1773 1614 etiam
1848 1555 2152 1613 multitudo
2229 1553 2593 1627 deprehendi

375 1661 546 1717 posse
603 1644 997 1717 indicabatur3
1072 1645 1291 1701 nullum
1352 1645 1413 1702 in
1465 1644 1607 1702 urbe
1663 1645 1881 1716 vicum,
1956 1644 2179 1700 nullum
2222 1644 2593 1715 angiportum

379 1750 506 1792 esse
551 1732 849 1805 dicebant,
911 1733 972 1789 in
1020 1749 1129 1803 quo
1177 1748 1292 1789 non
1336 1732 1543 1790 Miloni
1590 1732 1874 1790 conducta
1930 1737 2085 1789 esset
2128 1731 2368 1805 domus3
2437 1745 2592 1787 arma

375 1822 436 1878 in
491 1820 686 1879 villam
733 1820 1133 1879 Ocriculanam
1197 1820 1440 1878 devecta
1485 1820 1715 1893 Tiberi,
1770 1819 1972 1877 domus
1990 1812 2042 1899 3)
2102 1819 2162 1875 in
2224 1819 2377 1876 clivo
2429 1816 2592 1890 Capi·

376 1909 553 1966 tolino
607 1910 782 1967 scutis
839 1906 1060 1967 referta
1078 1954 1093 1982 ,
1149 1908 1323 1980 plena
1369 1908 1560 1966 omnia
1613 1908 2009 1967 malleolorum
2056 1906 2131 1965 ad
2184 1906 2346 1965 urbis
2399 1908 2592 1964 incen-

379 1995 475 2053 dia
520 2002 1004 2068 comparatorum:
1065 1996 1211 2054 haec
1256 2013 1370 2054 non
1412 1996 1606 2054 delata
1668 1998 1882 2070 solum,
1939 1994 2042 2052 sed
2098 2010 2285 2067 paene
2349 1994 2593 2065 credita,

277 2078 358 2137 65
377 2101 488 2142 nec
547 2089 683 2142 ante
743 2083 1049 2156 repudiata
1115 2089 1247 2141 sunt
1307 2100 1479 2156 quam
1538 2084 1817 2156 quaesita.
1929 2081 2265 2140 Laudabam
2322 2082 2593 2155 equidem

378 2170 779 2231 incredibilem
845 2170 1202 2245 diligentiam
1272 2170 1373 2230 Cn.
1441 2170 1714 2246 Pompei,
1784 2171 1886 2230 sed
1952 2171 2173 2245 dicam,
2249 2174 2318 2228 ut
2390 2169 2592 2239 sentin,

379 2259 634 2317 iudices:
703 2260 871 2317 nimis
916 2261 1094 2318 multa
1134 2260 1338 2318 audire
1387 2265 1703 2334 coguntur,
1763 2276 1954 2332 neque
2004 2260 2176 2317 aliter
2219 2257 2426 2316 facere
2472 2274 2591 2331 pos-

381 2353 513 2406 sunt
574 2348 649 2421 ii,
726 2348 929 2420 quibus
983 2353 1106 2406 tota
1168 2348 1468 2406 commissa
1528 2353 1617 2406 est
1674 2365 1768 2406 res
1830 2348 2082 2421 publica.
2203 2346 2357 2417 Quin
2425 2347 2591 2405 etiam

380 2434 489 2493 fuit
510 2429 565 2515 4)
627 2435 949 2493 audiendus
1018 2452 1169 2509 popa
1213 2436 1474 2494 Licinius
1542 2437 1739 2494 nescio
1798 2436 1896 2507 qui
1964 2435 2037 2493 de
2105 2435 2260 2492 circo
2330 2434 2591 2504 maxim0,

381 2539 574 2581 servos
617 2523 849 2581 Milonis
909 2523 1061 2596 apud
1122 2541 1185 2581 se
1246 2524 1437 2582 ebrios
1501 2523 1683 2581 factos
1745 2523 1855 2581 sibi
1912 2521 2205 2582 confessos
2256 2537 2388 2580 esse
2454 2523 2524 2580 de
2545 2512 2590 2594 5)

380 2607 780 2669 interficiendo
820 2610 1096 2683 Pompeio
1142 2613 1510 2685 coniurasse3
1579 2610 1715 2668 dein
1761 2617 1964 2684 postea
2009 2627 2072 2668 se
2124 2609 2319 2682 gladio
2366 2624 2592 2683 percus-

382 2715 505 2756 sum
573 2715 700 2756 esse
757 2698 830 2757 ab
854 2701 1002 2757 ‘uno
1061 2698 1133 2756 de
1197 2700 1342 2775 illis,
1412 2717 1487 2758 ne
1544 2698 1847 2758 indicaret.
1938 2698 2215 2771 Pompeio
2276 2699 2337 2755 in
2406 2699 2591 2756 hortos

380 2787 695 2860 nuntiavit3
739 2803 1003 2845 arcessor
1046 2788 1106 2844 in
1149 2788 1376 2860 primis3
1421 2788 1493 2846 de
1541 2788 1857 2845 amicorum
1902 2786 2197 2845 sententia
2242 2802 2366 2843 rem
2414 2782 2594 2844 defert

382 2873 455 2932 ad
515 2879 797 2932 senatum.
898 2875 1029 2932 Non
1091 2881 1355 2948 poteram
1413 2877 1474 2933 in
1540 2875 1696 2938 illius
1760 2877 1874 2932 mei
1939 2875 2279 2947 patriaeque
2349 2871 2592 2933 custodis

379 2967 545 3020 tanta
589 2963 913 3036 suspicione
958 2979 1076 3021 non
1119 2968 1277 3021 metu
1323 2964 1676 3036 exanimari,
1741 2962 1842 3021 sed
1887 2962 2142 3020 mirabar
2187 2966 2386 3020 tamen
2446 2956 2590 3018 credi

379 3066 565 3123 popae
584 3095 599 3122 ,
674 3049 1091 3109 confessionem
1149 3067 1447 3109 servorum
1505 3051 1725 3124 audiri,
1800 3052 2001 3108 volnus
2053 3051 2114 3107 in
2160 3050 2380 3124 latere,
2455 3044 2590 3123 quod

279 3135 360 3192 66
381 3154 488 3196 acu
544 3143 821 3212 punctum
881 3139 1205 3212 videretur,
1270 3155 1378 3213 pro
1439 3140 1558 3197 ictu
1616 3138 1952 3213 gladiatoris
2005 3139 2258 3212 probari.
2372 3138 2590 3204 Verum,

380 3371 631 3440 idemque
667 3372 992 3439 improbavit
1028 3372 1277 3427 Wunder.
1352 3373 1511 3440 (Var.
1549 3373 1697 3427 Lect.
1745 3391 1794 3443 p.
1821 3372 2135 3439 LXXXIV.)
2332 3373 2386 3439 1)
2419 3365 2591 3423 oblivi-

383 3448 609 3495 scantur
646 3475 713 3482 —-
751 3442 1092 3509 suspieentur
1129 3443 1393 3512 Hedicke,
1431 3443 1720 3497 Eberhard.
1867 3443 1923 3510 2)
1965 3442 2054 3494 Sic
2090 3441 2244 3497 codd.
2285 3445 2428 3511 opt.,
2466 3434 2589 3508 quod

382 3528 502 3565 cum
538 3515 735 3566 temere
773 3513 930 3566 multi
968 3513 1316 3568 offendissent
1333 3555 1345 3576 ‚
1393 3515 1479 3567 vel
1515 3515 1973 3580 ferramentorum
2009 3514 2092 3565 vel
2142 3528 2438 3579 sparorum
2474 3507 2588 3563 scri-

382 3584 635 3651 pserunt;
698 3584 791 3637 alii
831 3600 893 3636 ex
948 3601 1053 3637 uno
1103 3585 1216 3638 cod.
1261 3584 1428 3641 Oxon.
1464 3586 1835 3651 framearum,
1902 3599 2194 3650 sparorum
2235 3582 2588 3650 pilorumque,-

383 3653 639 3706 Garatoni
704 3652 1011 3720 yladiorum
1091 3654 1480 3722 Hispanorum
1561 3654 1908 3721 pilorumque
1920 3672 1939 3720 ,·
2037 3654 2255 3708 Richter
2325 3662 2585 3706 runarum·

384 3725 438 3791 3)
476 3722 997 3790 domum-refertam
1035 3725 1100 3778 de
1140 3725 1352 3778 Ernest.
1387 3726 1524 3779 coni.
1564 3724 1743 3778 Klotz.
1886 3725 1944 3791 4)
1986 3724 2076 3777 Sic
2112 3725 2193 3778 ed.
2232 3724 2404 3782 lunt-z
2452 3716 2584 3774 codd.

383 3793 469 3846 vel
505 3793 671 3860 fuerit
703 3795 788 3846 vel
829 3794 916 3850 sit.
992 3794 1213 3862 Madvig
1250 3797 1386 3849 coni.
1433 3795 1524 3848 cui
1570 3795 1732 3848 etiam
1778 3794 1960 3863 fuerit.
2176 3795 2232 3863 5)
2290 3810 2401 3848 esse
2445 3808 2495 3845 se
2534 3786 2586 3840 dc

382 3864 607 3920 Lambin
643 3867 698 3919 et
734 3865 973 3932 Ernesti,
1014 3866 1110 3920 sed
1146 3883 1194 3920 v.
1234 3871 1264 3932 ἓ
1293 3866 1379 3922 52.
