2669 4354
417 253 538 311 186
1423 267 1640 308 ORA'mo

410 443 733 502 delectaret
752 487 768 516 ‚
843 440 994 514 quod
1062 445 1164 500 aut
1236 457 1345 515 per
1417 445 1684 499 naturam
1749 440 1840 499 fas
1910 446 2067 500 esset
2133 446 2237 499 aut
2299 458 2405 514 per
2466 443 2607 513 leges

411 531 657 590 liceret?
938 560 949 573 ι

305 619 390 677 44
585 617 699 677 Sed
744 617 880 692 quid
913 633 1021 690 ego
1053 619 1469 691 argumentor?
1515 615 1651 689 quid
1696 617 1864 688 plura
1896 616 2165 688 disputo?
2210 622 2305 690 te,
2343 617 2406 688 Q.
2441 617 2610 689 Petili,

411 705 672 779 appello,
742 706 1021 779 optimum
1067 710 1128 763 et
1184 703 1558 762 fortissimum
1614 705 1832 762 civem:
1899 709 1993 777 te,
2061 705 2142 763 M.
2197 703 2371 777 Cam,
2435 711 2609 777 testor,

411 810 554 867 quos
609 794 751 851 mihi
796 794 992 853 divina
1036 792 1320 865 quaedam
1376 808 1504 850 sors
1550 792 1711 850 dedit
1772 791 2008 850 iudiceS.
2117 793 2232 850 Vos
2280 808 2351 849 ex
2394 792 2473 850 M.
2515 791 2609 849 Fa·

410 882 577 940 vonio
621 881 867 939 audistis
899 879 1159 939 Clodium
1205 880 1314 937 sibi
1358 879 1602 953 dixisse,
1652 885 1713 938 et
1757 879 1999 937 audistis
2045 881 2171 938 vivo
2204 879 2405 937 Clodio
2424 925 2438 953 ,
2483 880 2610 952 peri-

410 974 605 1027 turum
649 969 932 1027 Milonem
973 968 1198 1027 triduo:
1259 972 1391 1040 post
1437 967 1590 1024 diem
1650 968 1887 1026 tertium
1934 973 2097 1040 gesta
2153 984 2250 1026 res
2312 973 2405 1026 est
2459 984 2609 1040 quam

413 1055 656 1114 dixerat.
751 1056 894 1114 Cum
938 1057 1038 1113 ille
1085 1072 1199 1113 non
1248 1054 1528 1113 dubitarit
1551 1049 1602 1134 ¹)
1656 1056 1918 1128 aperire,
1975 1055 2112 1128 quid
2157 1056 2476 1129 cogitaret,
2531 1072 2611 1112 vos

310 1138 392 1205 17
412 1144 655 1217 potestis
703 1144 1002 1216 dubitare,
1064 1142 1201 1215 quid
1248 1141 1499 1201 fecerit?
1604 1143 1788 1214 Quem
1852 1142 1925 1201 ad
1971 1143 2202 1201 modum
2261 1144 2444 1216 igitur
2504 1159 2613 1199 eum

310 1231 392 1291 45
413 1231 539 1290 dies
581 1248 697 1289 non
741 1230 996 1290 fefellit?
1083 1231 1220 1289 Dixi
1267 1230 1533 1303 equidem
1581 1230 1778 1288 modo:
1821 1230 2119 1288 dictatoris
2150 1231 2442 1289 Lanuvini
2487 1236 2614 1288 stata

414 1316 698 1377 sacrificia
754 1334 924 1376 nosse
981 1319 1200 1390 negotii
1260 1319 1404 1375 nihil
1467 1324 1611 1377 erat.
1739 1317 1898 1376 Vidit
1953 1335 2196 1377 necesse
2254 1335 2388 1377 esse
2433 1319 2615 1376 Miloni

412 1404 696 1480 proficisci
747 1406 1069 1464 Lanuvium
1123 1406 1222 1463 illo
1280 1407 1435 1479 ipso,
1507 1422 1620 1478 quo
1680 1411 1769 1463 est
1836 1403 2163 1479 profectuS‚
2238 1406 2371 1479 die;
2445 1408 2615 1478 itaque

419 1496 751 1553 antevertit.
842 1493 923 1551 At
983 1504 1096 1566 quo
1155 1493 1295 1551 die?
1363 1510 1503 1566 que,
1574 1499 1637 1550 ut
1696 1499 1834 1551 ante
1881 1492 2031 1566 dixi,
2101 1493 2212 1551 fuit
2271 1496 2616 1553 insanissima

415 1583 604 1640 contio
648 1582 721 1639 ab
764 1582 945 1654 ipsius
990 1581 1394 1639 mercennario
1426 1581 1654 1639 tribuno
1697 1581 1885 1654 plebis
1918 1582 2233 1653 concitata3
2282 1599 2461 1654 quem
2489 1582 2617 1639 diem

412 1670 540 1742 ille,
591 1687 761 1743 quam
807 1669 1163 1741 contionem,
1226 1685 1365 1741 quos
1412 1670 1723 1742 clamores,
1781 1669 1892 1725 nisi
1937 1668 2011 1725 ad
2057 1671 2369 1742 cogitatum
2421 1669 2617 1728 facinus
2667 1664 2668 1679 ³

414 1759 860 1831 adproperaret‚
921 1772 1232 1829 numquam
1277 1757 1624 1829 reliquisset.
1733 1756 1890 1829 Ergo
1936 1756 2020 1813 illi
2063 1772 2137 1814 ne
2185 1773 2363 1815 causa
2414 1758 2617 1831 quidem

416 1847 675 1919 itineriS,
724 1839 964 1923 etiam2)
1012 1860 1189 1902 causa
1219 1844 1519 1917 manendi,
1564 1844 1769 1902 Miloni
1810 1844 2080 1902 manendi
2115 1845 2272 1901 nulla
2307 1838 2618 1918 facultasss),
2668 1860 2669 1867 ¹

418 1933 667 1993 exeundi
722 1951 839 1992 non
885 1948 1060 1989 causa
1104 1932 1319 2004 solum,
1378 1932 1480 1989 sed
1529 1933 1704 1990 etiam
1749 1933 2066 1989 necessitas
2114 1931 2238 1990 fuit.
2332 1934 2528 2004 Quid?
2567 1932 2619 2000 si,

417 2028 483 2079 ut
523 2022 623 2080 ille
670 2022 837 2079 scivit
876 2020 1158 2078 Milonem
1208 2019 1332 2077 fore
1379 2035 1450 2077 eo
1495 2019 1590 2077 die
1635 2021 1697 2076 in
1741 2020 1868 2092 via,
1929 2021 2012 2076 sic
2058 2018 2323 2077 Clodium
2370 2022 2520 2079 Milo
2562 2036 2619 2076 ne

419 2109 698 2182 suspicari
746 2107 976 2182 quidem
1021 2107 1252 2181 potuit?
1325 2106 1580 2165 Primum
1623 2123 1869 2181 quaem,
1917 2107 2013 2180 qui
2058 2107 2119 2164 id
2144 2101 2198 2188 ⁴)
2241 2109 2397 2166 scire
2446 2114 2625 2183 potue-

315 2198 396 2254 46
416 2199 524 2269 rit,
588 2197 741 2269 quod
786 2212 884 2254 vos
943 2196 1098 2254 idem
1147 2197 1208 2253 in
1254 2194 1456 2254 Clodio
1502 2212 1784 2269 quaerere
1834 2211 1948 2252 non
1998 2197 2259 2269 potestis,
2362 2197 2449 2257 Ut
2495 2198 2622 2255 enim

418 2286 712 2342 neminem
767 2284 944 2341 alium
996 2284 1106 2342 nisi
1153 2282 1217 2340 T.
1265 2283 1560 2356 Patinam,
1622 2283 2132 2341 familiarissimum
2187 2301 2352 2341 suum
2375 2330 2393 2359 ,
2458 2300 2625 2359 rogas-

418 2378 541 2444 set,
604 2373 753 2429 scire
797 2372 986 2443 potuit
1045 2371 1145 2429 illo
1190 2371 1315 2444 ipso
1363 2370 1457 2429 die
1511 2371 1755 2429 Lanuvii
1804 2387 1839 2428 a
1884 2370 2168 2429 dictatore
2212 2371 2439 2431 Milone
2485 2371 2624 2445 prodi

419 2457 711 2517 flaminem
770 2475 1011 2516 necesse
1059 2474 1205 2517 esse.
1311 2457 1426 2516 Sed
1473 2463 1640 2517 erant
1685 2459 1957 2531 permulti
2005 2460 2138 2531 alii,
2198 2473 2270 2517 ex
2318 2461 2526 2531 quibus
2578 2457 2624 2515 id

419 2546 694 2605 facillime
740 2547 889 2604 scire
934 2551 1131 2618 posset
1169 2542 1390 2622 [omnes
1429 2547 1650 2604 scilicet
1679 2542 1989 2622 Lanuvini]
2009 2541 2081 2622 ⁵).
2172 2547 2319 2604 Milo
2351 2547 2430 2605 de
2466 2546 2626 2605 Clodii

418 2635 609 2693 reditu
671 2633 824 2692 unde
871 2634 1201 2706 quaesivit?
1305 2634 1637 2705 Quaesierit
1694 2651 1834 2692 sane
1884 2666 1963 2674 —
2010 2633 2232 2706 videte,
2298 2636 2443 2707 quid
2488 2635 2625 2693 vobis

418 2723 634 2796 largiar
698 2753 805 2795 —-‚
865 2737 1093 2778 servum
1142 2722 1353 2796 etiam,
1416 2727 1480 2779 ut
1541 2721 1605 2792 Q.
1654 2723 1890 2794 Arrius,
1952 2738 2115 2778 meus
2173 2723 2432 2796 amicuS‚
2488 2723 2626 2792 dixit,

418 2809 761 2883 corruperit.
866 2809 1077 2881 Legite
1122 2810 1459 2867 testimonia
1510 2810 1745 2867 testium
1791 2813 2139 2867 vestrorum:
2199 2809 2346 2867 dixit
2394 2811 2457 2869 C.
2506 2811 2628 2868 Cau-

416 2899 596 2956 sinius
628 2896 837 2955 Schola
869 2897 1334 2968 InteramnanuS,
1383 2896 1859 2955 familiarissimus
1910 2903 1972 2955 et
2014 2896 2168 2955 idem
2202 2914 2398 2955 comes
2446 2898 2626 2966 Clodii.

418 2987 579 3044 cuius
639 2986 755 3043 iam
814 2983 1038 3057 pridem
1096 2984 1421 3043 testimonio
1479 2983 1713 3042 Clodius
1789 2983 1992 3042 eadem
2060 2984 2206 3042 hora
2275 2985 2626 3045 Interamnae

416 3072 610 3131 fuerat
672 3078 732 3131 et
802 3073 1053 3144 Romae,
1133 3072 1196 3131 P.
1261 3070 1522 3130 Clodium
1579 3073 1681 3129 illo
1738 3071 1833 3129 die
1906 3072 1966 3128 in
2025 3071 2253 3131 Albano
2315 3089 2626 3132 mansurum

417 3161 624 3234 fuisse,
700 3161 803 3218 sed
849 3159 1036 3217 subito
1084 3160 1140 3216 ei
1191 3176 1318 3218 esse
1366 3161 1724 3232 nuntiatum,
1804 3158 2015 3230 Cyrum
2077 3161 2462 3219 architectum
2516 3174 2626 3217 esse·

417 3255 735 3320 mortuum3
804 3248 1001 3320 itaque
1061 3252 1303 3320 repente
1349 3246 1592 3305 Romam
1651 3247 2019 3304 constituisse
2071 3246 2374 3320 proficisci.
2489 3247 2628 3305 Dixit

311 3328 399 3395 18
415 3337 525 3395 hoc
571 3351 763 3393 comes
810 3336 951 3393 item
994 3335 1061 3392 P.
1109 3334 1293 3393 Clodii
1341 3333 1402 3393 C.
1453 3332 1705 3393 Clodius,
1797 3333 2046 3408 Videte,
2093 3335 2350 3409 iudiceS‚
2399 3341 2626 3410 quantae

559 3587 611 3652 1)
651 3583 921 3637 dubitarit
961 3584 1282 3638 Severianus
1319 3601 1371 3651 p.
1408 3583 1512 3638 339
1532 3625 1544 3648 ,
1598 3587 1659 3636 ut
1697 3584 2044 3638 Heumanuus
2080 3586 2245 3651 coni.;
2296 3587 2451 3641 codd.
2489 3583 2625 3637 dubi·

415 3661 585 3720 tarem
631 3671 752 3707 mox
799 3653 951 3708 codd.
990 3656 1234 3724 plerique
1276 3653 1545 3722 coyitarit.
1797 3654 1851 3721 2)
1904 3661 1984 3709 set
2019 3657 2183 3707 etiam
2229 3656 2462 3726 Spengel
2497 3654 2624 3709 Phil.

412 3725 588 3790 XXII,
627 3724 746 3778 213.
846 3725 901 3792 3)
936 3725 1184 3792 facultas
1222 3725 1374 3778 Bake
1414 3725 1563 3777 uncis
1601 3724 1756 3785 incl.‚
1798 3726 2111 3794 obsequitur
2147 3726 2378 3794 Kayser.
2465 3727 2517 3793 4)
2553 3724 2626 3776 Sic

412 3796 580 3850 Halm
580 3836 624 3919 L
653 3793 805 3919 cogd.
845 3798 953 3863 opt.
991 3794 1151 3862 qmd3
1201 3795 1365 3863 vulgo
1403 3793 1513 3862 qui.
1728 3795 1782 3861 5)
1842 3795 2099 3849 Eicienda
2142 3797 2278 3851 haec
2317 3799 2474 3852 verba
2522 3809 2623 3848 esse

412 3865 550 3921 vidit
628 3882 715 3919 am
754 3865 826 3919 in.
