2669 4354
799 264 911 304 Pno
948 265 999 304 r.
1048 263 1235 304 11111110
1281 263 1530 303 moins.
2149 247 2271 303 173

108 444 272 496 senatu
313 439 384 496 ab
429 439 674 497 inimicis
720 454 896 511 saepe
942 439 1162 496 iactata
1221 441 1354 495 sunt
1400 442 1461 495 et
1516 437 1576 493 in
1632 435 1897 494 contione
1945 436 2019 494 ab
2061 436 2275 510 impro-

20 574 27 605 .
109 526 171 583 bis
211 532 265 583 et
302 528 474 600 paulo
519 533 654 585 ante
697 528 770 585 ab
816 526 1273 599 accusatoribus,
1328 530 1394 582 ut
1437 526 1588 582 omni
1635 540 1832 582 errore
1880 524 2103 582 sublato
2148 541 2271 583 rem

18 626 27 685 ι,
106 615 270 687 plane,
314 631 461 687 quae
510 616 705 673 veniat
749 617 812 672 in
856 615 1163 686 iudicium,
1218 612 1416 670 videre
1462 613 1708 685 possitis
1781 611 2012 685 Negant
2055 613 2272 670 intueri

106 702 256 760 lucem
315 720 441 761 esse
497 702 585 760 fas
646 704 730 776 ei,
792 704 887 774 qui
944 719 979 760 a
1037 718 1099 759 se
1154 701 1443 759 hominem
1504 701 1752 759 occisum
1812 714 1940 757 esse
2001 698 2273 758 fateatur.

105 791 155 846 ln
190 808 291 863 qua
333 791 569 849 taudem
627 789 768 849 urbe
812 791 922 848 hoc
980 790 1240 848 homines
1298 789 1618 847 stultissimi
1679 788 2010 859 disputant?
2061 804 2272 861 nempe

106 878 148 934 in
186 894 274 951 ea,
335 897 482 951 quae
530 880 774 951 primum
834 878 1104 936 iudicium
1165 877 1237 934 de
1284 878 1476 950 capite
1524 877 1667 935 vidit
1719 876 1798 932 M.
1846 876 2101 949 Horatii,
2161 872 2274 933 for-

18 1008 27 1045 ,
104 967 268 1024 tissimi
314 968 452 1041 viri,
527 968 624 1039 qui
690 966 941 1024 nondum
1001 965 1187 1024 libera
1234 965 1468 1023 civitate
1538 969 1729 1022 tamen
1795 964 1991 1038 populi
2031 963 2277 1022 Romani

18 1056 29 1113 ἓ
100 1055 303 1111 comitiis
348 1056 632 1113 liberatus
680 1058 798 1126 est,
861 1071 986 1112 cum
1046 1069 1149 1110 sua
1205 1069 1378 1110 manu
1424 1069 1678 1111 sororem
1726 1067 1852 1131 esse
1910 1050 2277 1110 interfectam

18 1124 27 1181 ἶ
99 1139 359 1200 fateretur.
462 1144 556 1199 An
606 1147 697 1199 est
743 1143 1077 1214 quisquam,
1139 1141 1237 1213 qui
1280 1142 1389 1198 hoc
1433 1140 1690 1215 ignoret,
1751 1156 1878 1198 cum
1925 1140 1997 1198 de
2044 1140 2335 1199 homine8

18 1230 27 1305 ζ
99 1231 253 1287 occiso
306 1236 651 1302 quaeratur,
721 1234 819 1288 aut
876 1229 1080 1303 negari
1136 1229 1324 1287 solere
1385 1230 1614 1286 omnino
1673 1243 1800 1286 esse
1862 1228 2112 1301 factum,
2179 1232 2279 1286 aut

20 1374 27 1385 ,
98 1322 225 1375 recte
273 1325 330 1376 et
372 1320 504 1376 11116
547 1315 763 1377 factum
806 1334 934 1376 esse
980 1316 1258 1374 defendi?
1319 1316 1445 1374 Nisi
1491 1333 1626 1375 vero
1658 1316 1998 1374 existimatis
2043 1316 2279 1374 demen-

98 1409 188 1461 tem
229 1405 288 1462 P.
318 1404 661 1464 Africanum
707 1404 918 1479 fuisse,
982 1405 1105 1478 qui,
1160 1422 1287 1462 011111
1334 1421 1369 1461 a
1418 1403 1478 1462 C.
1513 1403 1805 1478 Carbone,
1866 1404 2096 1463 tribuno
2154 1405 2278 1477 ple-

97 1492 191 1566 bis,
233 1493 507 1552 seditiose
536 1489 588 1571 1)
634 1495 695 1550 111
741 1495 1008 1551 0011110116
1053 1494 1538 1566 interrogaretur,
1599 1492 1735 1564 quid
1781 1493 1853 1550 de
1901 1492 1985 1549 Ti.
2033 1490 2279 1549 Gracchi

20 1626 29 1639 .
96 1587 247 1639 morte
302 1583 579 1653 sentiret,
649 1581 1015 1653 responderit
1075 1582 1201 1638 iure
1264 1596 1494 1638 caesum
1549 1580 1747 1637 videri.
1859 1580 2063 1653 Neque
2126 1581 2280 1637 enim

18 1704 25 1741 ς
91 1674 252 1739 posset
286 1676 387 1728 aut
438 1669 626 1727 Ahala
671 1670 769 1726 ille
810 1670 1088 1727 Servilius
1135 1673 1235 1726 aut
1279 1668 1342 1724 P.
1382 1668 1595 1725 Nasica
1643 1673 1740 1725 aut
1777 1668 1842 1725 L.
1887 1657 2143 1741 Opimius
2178 1672 2280 1725 aut

18 1752 25 1835 J,
93 1754 137 1811 C.
165 1757 374 1816 Marius
425 1763 528 1816 aut
572 1773 664 1814 me
710 1758 943 1814 consule
992 1762 1226 1814 senatus
1270 1772 1386 1813 non
1430 1754 1688 1814 nefarius
1724 1756 1959 1829 haberi,
2007 1756 2053 1813 si
2101 1755 2281 1813 scele-

18 1846 19 1853 ’
92 1848 221 1902 ratos
257 1848 413 1903 cives
471 1842 722 1902 interfici
767 1843 931 1902 nefas
978 1849 1148 1904 esset.
1240 1845 1444 1916 Itaque
1491 1844 1630 1917 hoc,
1686 1843 1938 1916 iudiceS,
1991 1860 2108 1901 non
2154 1843 2278 1900 sine

16 1984 25 2001 ,
96 1947 242 1990 causa
286 1934 470 1993 etiam
521 1931 671 2012 fictis
716 1932 927 1990 fabulis
974 1932 1289 1990 doctissimi
1351 1932 1611 1989 homines
1655 1933 1967 1989 memoriae
2011 1929 2280 2004 prodide-

95 2024 230 2093 runt,
274 2039 442 2091 eum,
487 2022 585 2093 qui
617 2022 798 2092 patris
843 2019 1154 2078 ulciscendi
1199 2035 1373 2078 causa
1412 2025 1654 2078 matrem
1700 2020 2047 2092 necavisset,
2095 2019 2283 2076 varia-

95 2107 151 2163 tis
189 2109 480 2166 hominum
537 2109 840 2165 sententiis
900 2125 1013 2166 non
1056 2109 1238 2166 solum
1283 2107 1509 2181 divina,
1578 2106 1680 2166 sed
1742 2108 1918 2165 etiam
1975 2106 2284 2181 sapientis-

14 2213 21 2260 ‘1
95 2195 243 2253 simae
320 2199 473 2257 deae
541 2198 830 2255 sententia
911 2197 1234 2256 liberatum.
1363 2195 1578 2267 Quodsi
1659 2196 1961 2255 duodecim
2047 2195 2281 2254 tabulae
2303 2199 2339 2257 9

12 2333 19 2350 ,
95 2289 408 2344 nocturnum
454 2284 642 2343 furem
701 2302 927 2357 quoquo
976 2286 1143 2344 modo
1162 2280 1240 2363 2),
1314 2285 1582 2342 diurnum
1643 2290 1869 2358 autem,
1939 2285 1988 2341 si
2040 2300 2104 2342 se
2165 2282 2284 2342 telo

10 2359 21 2456 ἑ
96 2369 413 2433 defenderet
434 2367 513 2453 3),
576 2370 824 2430 1111611101
879 2374 1110 2445 impune
1162 2373 1496 2446 voluerunt,
1553 2373 1677 2445 quis
1725 2376 1814 2429 est
1873 2374 1998 2445 qui,
2060 2387 2284 2444 quoquo

10 2461 17 2514 1
95 2460 234 2518 modo
291 2463 425 2534 quis
491 2461 832 2519 interfectus
885 2462 987 2534 sit,
1064 2461 1418 2532 puniendum
1473 2465 1664 2533 putet,
1731 2475 1857 2517 cum
1920 2460 2116 2518 videat
2177 2459 2283 2516 ali-

8 2519 19 2646 ἰ
94 2549 290 2616 quando
338 2549 600 2623 gladium
652 2547 817 2606 nobis
873 2549 946 2606 ad
1004 2548 1293 2606 hominem
1340 2547 1715 2606 occidendum
1763 2545 1835 2605 ab
1883 2548 2021 2619 ipsis
2066 2546 2283 2621 porrigi

93 2632 328 2707 legibus?
423 2636 603 2709 Atqui
642 2637 690 2692 si
735 2642 960 2708 tempus
998 2640 1088 2693 est
1131 2636 1307 2694 ullum
1351 2637 1477 2693 iure
1524 2636 1769 2694 hominis
1814 2636 2086 2708 necandi,
2136 2634 2347 2707 quae4

93 2723 245 2783 multa
312 2731 479 2797 sunt,
558 2730 716 2781 certe
776 2724 919 2782 illud
980 2730 1070 2781 est
1122 2741 1233 2782 non
1295 2723 1462 2781 modo
1522 2726 1768 2796 iustum,
1847 2740 2045 2782 verum
2107 2724 2285 2781 etiam

93 2815 463 2870 necessarium
486 2858 501 2886 ,
563 2828 689 2869 cum
735 2813 790 2869 vi
837 2813 919 2869 vis
964 2812 1129 2870 illata
1172 2810 1520 2869 defenditur.
1622 2811 1963 2868 Pudicitiam
2006 2827 2133 2868 cum
2173 2810 2285 2867 611-

91 2906 233 2967 peret
274 2901 450 2958 militi
513 2898 775 2957 tribunus
834 2901 1100 2957 militaris
1154 2901 1214 2956 in
1266 2900 1522 2956 exercitu
1568 2897 1652 2957 Q·
1677 2899 1876 2973 Marii,
1929 2899 2285 2971 propinquus

92 2985 195 3043 cius
259 2989 660 3062 imperatoriS,
736 2987 1077 3047 interfectus
1146 2987 1219 3045 ab
1285 3004 1355 3044 60
1424 2991 1540 3060 est,
1617 2988 1710 3044 cui
1775 2986 1888 3043 vim
1955 2984 2285 3058 adferebat3

90 3069 262 3132 facere
316 3077 475 3135 enim
521 3074 733 3149 probus
779 3075 1120 3133 adulescens
1164 3076 1488 3148 periculose
1536 3092 1705 3148 quam
1764 3074 1994 3147 perpeti
2039 3074 2289 3146 turpiter

91 3163 288 3221 maluit.
380 3164 571 3235 Atque
632 3163 783 3220 1111110
837 3163 935 3221 1116
999 3179 1250 3220 summus
1303 3164 1390 3220 vir
1450 3163 1672 3221 scelere
1727 3163 1970 3219 solutum
2030 3162 2288 3235 periculo

91 3247 361 3309 liberavit.
455 3251 788 3309 Insidiatori
832 3267 969 3309 vcro
1019 3256 1077 3308 01
1123 3252 1331 3310 16110111
1374 3268 1521 3323 quae
1579 3255 1770 3324 potest
1814 3248 2017 3307 inferri
2074 3249 2288 3308 iniusta
2310 3256 2390 3314 10

91 3342 224 3394 nex?
312 3339 464 3409 Quid
527 3340 833 3397 comitatus
897 3340 1113 3411 nostri,
1162 3338 1297 3411 quid
1356 3340 1532 3411 gladii
1578 3340 1812 3397 volunt?
1872 3353 2013 3408 quos
2067 3338 2286 3396 habere

89 3431 230 3484 certe
275 3444 395 3484 non
440 3427 672 3499 liceret,
728 3427 776 3484 si
837 3428 921 3484 uti
963 3427 1078 3484 illis
1125 3427 1281 3485 nullo
1331 3431 1507 3500 pacto
1553 3427 1774 3484 liceret.
1879 3425 1987 3483 Est
2037 3426 2213 3499 igitur
2231 3419 2287 3504 ⁴)

216 3595 267 3659 1)
321 3593 546 3645 tribuno
586 3590 761 3658 plebis
812 3590 1063 3644 seditiose
1111 3591 1296 3658 spuria
1345 3607 1463 3643 esse
1506 3588 1749 3642 iudicant
1783 3588 1929 3641 Bake
1967 3591 2021 3641 et
2055 3588 2286 3657 Kayser3

89 3661 332 3715 seditiosa
369 3680 515 3730 susp.
555 3660 848 3715 Eberhard.
1049 3661 1102 3727 2)
1150 3661 1355 3714 venerit
1394 3660 1551 3713 inser.
1590 3658 1699 3712 iud.
1736 3659 1955 3711 Richter
1992 3675 2112 3713 ann.
2151 3659 2288 3728 phil.

4 3751 7 3828 j
88 3727 161 3794 85,
197 3733 314 3787 636.
442 3733 496 3801 3)
533 3732 691 3785 Multi
731 3731 849 3784 edd.
886 3730 1207 3798 defenderit,
1247 3734 1309 3784 ut
1346 3729 1548 3783 habent
1587 3730 1794 3797 aliquot
1829 3728 1980 3783 codd.
2106 3729 2161 3798 4)
2201 3729 2289 3782 Sic

4 3833 7 3840 »
89 3800 221 3856 codd.
257 3803 449 3872 optimi
499 3806 555 3855 et
600 3803 782 3867 Quint.
816 3801 893 3854 IX
931 3803 980 3865 3,
1017 3801 1111 3865 83;
1162 3801 1257 3854 alii
1303 3800 1469 3868 enim,
1515 3816 1676 3868 quare
1718 3817 1826 3854 non
1871 3800 2010 3854 nulli
2059 3799 2289 3853 editores

4 3931 5 3952 ἶ
90 3874 389 3939 particulam
426 3873 607 3928 delere
647 3873 945 3929 voluerunt.
