2669 4354
892 277 1077 316 nmER
1119 275 1406 325 QVARTVS.
2127 260 2252 319 355

102 463 148 504 er
196 447 510 505 triennium
554 447 867 506 dederint?
954 448 1189 506 Nullum
1236 448 1434 505 datum
1480 449 1691 507 dicent.
1780 449 1987 507 Fuisse
2034 450 2257 509 Messa-

101 552 175 592 am
213 535 470 593 omnium
528 536 695 593 istius
740 534 1023 594 furtorum
1069 552 1137 593 ac
1193 535 1541 607 praedarum
1598 538 1981 609 receptricem
2036 555 2255 612 negare

101 639 156 680 on
216 629 519 696 poterunt:
586 623 877 696 permulta
933 624 1127 681 multis
1181 623 1424 682 navibus
1485 624 1645 681 illinc
1705 630 2034 700 exportata,
2105 627 2255 684 hanc

103 727 251 769 avem
309 710 561 783 denique
610 713 914 769 maximam
930 756 946 785 ,
1014 728 1050 768 a
1094 711 1462 770 Mamertinis
1515 710 1709 770 datam
1725 757 1741 786 ,
1775 712 1779 716 ’
1808 719 2068 771 onustam
2126 731 2255 771 cum

100 805 151 856 sto
195 799 522 872 profectam
564 797 916 859 fatebuntur.
1023 799 1203 870 Quam
1250 800 1321 857 ob
1364 817 1488 858 rem
1534 799 1639 858 tibi
1684 800 1835 858 habe
1881 817 2021 859 sane
2083 802 2255 860 istam
2279 807 2395 865 151

100 887 431 945 zudafionem
475 883 986 945 Mamertinorum:
1050 887 1469 959 Syracusanam
1521 889 1753 960 quidem
1814 889 2133 964 civitatem,
2190 895 2255 947 ut

101 974 146 1032 bs
206 981 268 1032 te
325 973 555 1033 adfecta
616 980 732 1048 est,
799 976 885 1033 ita
944 975 1003 1032 in
1061 979 1123 1032 te
1186 991 1314 1033 esse
1375 976 1689 1034 animatam
1747 976 2036 1051 videmus3
2103 977 2255 1049 apud

100 1079 182 1131 vuos
220 1064 402 1120 etiam
446 1063 655 1121 Verria
697 1064 801 1120 illa
855 1062 1142 1136 flagitiosa
1188 1064 1418 1121 sublata
1477 1069 1626 1122 sunt.
1730 1064 1965 1123 Etenim
2021 1065 2254 1123 minime

100 1150 423 1209 onveniebat
478 1152 535 1209 ei
591 1151 828 1210 deorum
886 1152 1135 1209 honores
1196 1151 1427 1224 haberi,
1497 1153 1594 1224 qui
1653 1153 1960 1210 simulacra
2015 1153 2254 1211 deorum

101 1237 389 1297 bstulisset.
491 1239 687 1297 Etiam
740 1237 981 1297 hercule
1043 1238 1186 1296 illud
1241 1240 1304 1296 in
1364 1237 1738 1311 Syracusanis
1795 1241 2002 1299 merito
2054 1257 2256 1314 repre-

101 1326 429 1400 enderetur,
490 1329 569 1401 si,
631 1344 760 1385 cum
806 1326 959 1383 diem
1005 1326 1216 1384 festum
1265 1326 1530 1384 ludorum
1576 1327 1650 1386 de
1693 1326 1859 1386 fastis
1907 1330 2022 1386 suis
2069 1334 2255 1387 sustu-

100 1421 246 1473 .ssent
285 1414 727 1472 celeberrimum
773 1420 834 1473 et
876 1414 1296 1473 sanctissimum
1314 1459 1329 1488 ,
1388 1414 1541 1487 quod
1588 1432 1657 1473 eo
1700 1416 1824 1488 ipso
1870 1417 1964 1474 die
2010 1415 2257 1490 Syracu-

100 1516 147 1558 ae
183 1519 220 1560 a
263 1502 548 1560 Marcello
595 1508 800 1576 captae
848 1519 975 1561 esse
1023 1502 1319 1576 dicuntur,
1373 1502 1529 1560 idem
1583 1502 1737 1561 diem
1799 1502 2012 1561 festum
2056 1504 2255 1562 Verris

104 1592 271 1648 omine
332 1595 609 1665 agerent,
676 1608 804 1648 cum
859 1591 970 1649 iste
1007 1607 1043 1648 a
1081 1590 1455 1663 Syracusanis
1473 1634 1488 1663 ,
1552 1607 1701 1663 quae
1746 1591 1846 1649 ille
1892 1593 2255 1650 calamitosus

100 1677 168 1734 ies
223 1678 580 1752 reliquerat,
637 1678 966 1737 ademisset.
1072 1678 1160 1735 Ac
1183 1672 1232 1757 ¹)
1283 1677 1478 1735 videte
1535 1679 1782 1736 hominis
1836 1679 2256 1752 impudentiam

102 1770 214 1837 tque
259 1766 690 1840 adrogantiam,
745 1766 964 1824 iudices
982 1811 997 1839 ,
1057 1766 1157 1838 qui
1200 1782 1312 1823 non
1361 1765 1542 1824 solum
1586 1766 1797 1824 Verria
1855 1767 2002 1825 haec
2061 1768 2257 1841 turpia

101 1868 126 1908 c
160 1854 403 1911 ridicula
451 1872 521 1912 ex
565 1854 826 1911 Heraclii
887 1855 1138 1927 pecunia
1183 1853 1578 1928 constituerit,
1633 1871 1835 1912 verum
1878 1856 2054 1912 etiam
2098 1856 2257 1913 Mar-

102 1941 216 1998 ellia
273 1942 403 2000 tolli
463 1943 797 2016 imperarit,
872 1947 936 1999 ut
997 1942 1054 1998 ei
1117 1957 1283 1999 sacra
1347 1939 1609 2000 facerent
1676 1943 1978 2014 quotannis
1996 1987 2011 2016 ,
2092 1943 2257 2001 cuius

101 2044 220 2098 pera
262 2030 517 2088 omnium
561 2047 842 2112 annorum
867 2024 920 2109 ²)
967 2045 1134 2087 sacra
1180 2030 1433 2102 deosque
1480 2030 1698 2101 patrios
1743 2031 2082 2104 amiserant3
2131 2030 2257 2087 eius

101 2122 235 2175 {utem
277 2117 537 2176 familiae
583 2118 710 2176 dies
754 2118 934 2176 festos
989 2118 1295 2192 tollerent,
1348 2135 1455 2191 per
1516 2134 1687 2191 quam
1744 2122 1972 2177 ceteros
2029 2135 2255 2192 quoque

100 2211 223 2263 estos
266 2206 395 2265 dies
440 2212 878 2280 recuperarant.

101 2507 103 2511 μ
184 2443 238 2523 l)
291 2440 372 2523 A}
414 2440 623 2509 Kayser
670 2458 731 2493 ex
769 2440 903 2494 dett.
940 2442 1086 2494 codd.
1322 2441 1379 2507 2)
1428 2441 1617 2493 omnia
1658 2440 1933 2494 maiorum
1978 2442 2142 2495 Halm
2191 2441 2257 2494 de

105 2525 219 2576 eepn
255 2528 390 2565 com.
