2669 4354
840 282 908 320 m
952 281 1133 321 MARc.
1181 281 1513 321 Amomvm.
2157 270 2279 325 367

85 458 406 525 quaestores
474 453 700 512 additi?
768 472 868 513 cur
933 455 1258 530 legatorum
1328 471 1602 513 numerus
1668 460 1908 515 auctus?
2032 456 2212 528 Atqui
2233 448 2299 536 ¹)

82 542 212 599 haec
272 546 407 600 acta
449 558 557 614 per
607 548 695 616 te,
752 560 869 600 non
928 544 1106 616 igitur
1163 544 1499 602 homicidas.
1598 543 1900 617 Sequitur,
1961 548 2027 601 ut
2071 544 2285 603 libera-

83 636 225 689 tores
262 635 366 687 tuo
412 630 655 703 iudicio,
701 631 1159 704 quandoquidem
1204 632 1439 690 tertium
1485 632 1631 689 nihil
1674 636 1868 705 potest
1913 648 2060 691 esse.
2136 632 2283 703 Quid
2305 637 2384 693 32

85 721 200 776 est‘?
238 735 379 775 num
425 717 703 776 conturbo
749 722 852 777 te?
909 736 1027 778 non
1071 721 1226 777 enim
1269 720 1513 778 fortasse
1560 720 1727 792 satis,
1774 736 1921 792 quae
1968 719 2283 777 diiunctius

82 805 377 879 dicuntur,
439 806 743 878 intellegis
849 807 967 867 Sed
1020 813 1217 865 tamen
1274 808 1422 866 haec
1477 824 1699 866 summa
1755 813 1844 866 est
1899 808 2282 866 conclusionis

82 910 263 952 meae:
327 894 596 966 quoniam
643 893 868 952 scelere
912 911 948 952 a
988 900 1046 954 te
1096 896 1330 953 liberati
1378 900 1542 968 sunt,
1600 896 1676 954 ab
1736 897 1940 954 eodem
2001 896 2283 968 amplissi-

80 983 171 1039 mis
226 981 503 1054 praemiis
559 982 922 1056 dignissimos
972 983 1257 1042 iudicatos
1277 978 1345 1064 ²).
1460 983 1668 1056 Itaque
1721 985 1840 1043 iam
1893 988 2094 1043 retexo
2152 1000 2285 1042 ora-

81 1070 284 1129 tionem
326 1085 533 1127 meam.
638 1069 897 1128 Scribam
942 1071 1016 1128 ad
1061 1072 1223 1145 illos,
1285 1077 1377 1145 ut,
1439 1073 1489 1129 si
1534 1073 1633 1143 qui
1681 1070 1861 1144 forte,
1921 1072 2072 1145 quod
2132 1088 2168 1129 a
2222 1076 2282 1129 te

78 1159 204 1216 mihi
250 1158 547 1216 obiectum
578 1164 692 1232 est,
737 1164 1018 1231 quaerent
1061 1160 1211 1218 sitne
1241 1176 1469 1234 verum,
1514 1176 1589 1218 ne
1623 1161 1718 1218 cui
1757 1166 1991 1232 negent.
2048 1159 2283 1219 Etenim

78 1262 299 1320 vereor,
359 1263 434 1303 ne
482 1252 582 1304 aut
634 1247 880 1305 celatum
925 1263 1018 1304 me
1063 1248 1179 1305 illis
1225 1247 1367 1321 ipsis
1412 1264 1529 1305 non
1582 1248 1915 1321 honestum,
1985 1253 2089 1306 aut
2141 1247 2285 1306 invi-

77 1339 247 1392 tatum
293 1334 578 1407 refugisse
617 1335 757 1392 mihi
804 1336 878 1392 sit
924 1336 1331 1408 turpissimum.
1439 1336 1600 1408 Quae
1658 1337 1811 1393 enim
1856 1353 1954 1394 res
1996 1352 2283 1409 umquam,

76 1439 169 1494 pro
228 1426 431 1480 sancte
492 1422 791 1495 Juppiter!
856 1440 974 1481 non
1029 1423 1197 1481 modo
1255 1424 1315 1481 in
1374 1423 1485 1480 hac
1531 1424 1702 1497 urbe,
1768 1423 1873 1482 sed
1917 1424 1979 1480 in
2024 1424 2285 1482 omnibus

75 1510 240 1569 terris
312 1515 403 1567 est
472 1515 637 1583 gesta
702 1511 925 1569 maior?
1000 1527 1150 1583 quae
1197 1512 1543 1586 gloriosior?
1613 1528 1763 1584 quae
1831 1510 2287 1570 commendatior

73 1598 358 1656 hominum
404 1598 715 1656 memoriae
764 1599 1191 1672 sempiternae?
1262 1599 1333 1656 In
1379 1599 1547 1658 huius
1584 1616 1677 1657 me
1722 1605 1787 1657 tu
1834 1599 2059 1657 consilii
2102 1600 2284 1658 socie·

75 1692 260 1745 tatem·
308 1692 601 1758 tamquam
657 1687 719 1743 in
787 1704 997 1760 equum
1038 1687 1350 1745 Troianum
1395 1704 1523 1745 cum
1587 1688 1945 1760 principibus
1998 1686 2285 1745 includis?

72 1773 193 1832 Non
252 1789 490 1832 recuso:
558 1790 666 1847 ago
731 1775 906 1833 etiam
968 1775 1216 1849 gratias,
1277 1791 1505 1848 quoquo
1565 1776 1756 1834 animo
1815 1774 1975 1833 facis.
2097 1775 2286 1833 Tanta
2306 1782 2386 1837 33

76 1863 220 1920 enim
265 1878 361 1920 res
409 1866 529 1935 est,
582 1868 646 1920 ut
690 1862 961 1921 invidiam
1006 1864 1206 1936 istam,
1267 1880 1439 1936 quam
1485 1869 1550 1922 tu
1592 1864 1655 1920 in
1698 1879 1792 1921 me
1836 1864 1924 1921 vis
1970 1864 2285 1937 concitare,

73 1966 193 2007 cum
258 1949 431 2008 laude
485 1966 603 2008 non
658 1966 1001 2023 comparem.
1113 1951 1260 2021 Quid
1321 1952 1477 2009 enim
1532 1950 1756 2010 beatius
1807 1952 1952 2023 illis,
2028 1967 2170 2023 quos
2219 1956 2285 2009 tu

73 2038 337 2111 expulsos
390 2054 428 2095 a
481 2044 542 2096 te
595 2039 901 2111 praedicas
961 2044 1024 2097 et
1079 2040 1410 2114 relegatos?
1485 2039 1583 2111 qui
1644 2039 1802 2098 locus
1857 2043 1947 2097 est
2001 2043 2104 2096 aut
2166 2044 2286 2096 tam

71 2125 332 2186 desertus
375 2132 475 2186 aut
518 2131 637 2185 tam
682 2127 1060 2202 inhumanuS,
1122 2128 1218 2201 qui
1264 2128 1426 2202 illos,
1474 2144 1603 2186 cum
1627 2121 1678 2209 3)
1725 2127 2108 2201 accesserint,
2169 2143 2284 2185 non

72 2214 256 2273 adfari
302 2219 476 2286 atque
521 2222 797 2287 appetere
841 2215 1145 2274 videatur?
1205 2218 1302 2289 qui
1364 2216 1627 2275 homines
1672 2222 1791 2275 tam
1837 2221 2131 2288 agrestes,
2187 2216 2286 2287 qui

71 2319 155 2377 se,
213 2320 348 2360 cum
407 2319 508 2361 eos
563 2305 928 2376 aspexerint,
995 2320 1113 2362 non
1173 2305 1482 2362 maximum
1543 2305 1765 2379 cepisse
1827 2304 1982 2362 vitae
2036 2302 2287 2361 fructum

69 2393 319 2462 putent?
378 2407 524 2464 quae
563 2407 708 2450 vero
755 2398 875 2450 tam
918 2393 1222 2449 immemor
1264 2394 1602 2466 posteritas,
1661 2409 1810 2465 quae
1855 2398 1978 2450 tam
2020 2392 2286 2465 ingratae

68 2479 302 2537 litterae
373 2480 767 2554 reperientur,
842 2497 991 2554 quae
1062 2497 1259 2538 eorum
1333 2480 1582 2552 gloriam
1653 2499 1769 2540 non
1837 2480 2288 2539 immortalitatis

67 2567 348 2625 memoria
399 2571 859 2640 prosequantur?
955 2568 1043 2625 Tu
1087 2584 1226 2626 vero
1272 2567 1536 2626 adscribe
1581 2585 1676 2626 me
1727 2569 1904 2626 talem
1961 2568 2022 2625 in
2082 2583 2286 2625 nume-

63 2672 209 2713 rum.
315 2654 430 2714 Sed
474 2671 651 2713 unam
698 2673 823 2714 rem
864 2672 1071 2714 vereor
1114 2672 1189 2714 ne
1247 2673 1363 2714 non
1407 2656 1632 2729 probes.
1737 2656 1798 2714 Si
1863 2656 2018 2713 enim
2035 2646 2090 2735 ⁴)
2147 2653 2392 2721 fuis-14

65 2759 222 2816 sem,
264 2758 383 2801 non
426 2743 608 2801 solum
644 2760 873 2817 regem,
931 2744 1035 2802 sed
1080 2743 1258 2801 etiam
1305 2761 1549 2816 regnum
1592 2744 1667 2802 de
1711 2760 1778 2801 re
1819 2743 2054 2816 publica
2096 2748 2285 2800 sustu·
2307 2752 2389 2808 34

63 2831 293 2904 lissem3
369 2837 431 2889 et
476 2832 526 2888 si
580 2848 744 2889 meus
798 2833 962 2890 stilus
1007 2832 1107 2889 ille
1160 2830 1395 2905 fuisset,
1471 2837 1535 2889 ut
1580 2831 1821 2904 dicitur,
1895 2829 2037 2888 mihi
2094 2829 2287 2904 crede,

61 2935 180 2977 non
214 2919 400 2977 solum
445 2935 620 2977 unum
667 2924 892 2994 actum,
940 2919 1043 2977 sed
1088 2924 1271 2977 totam
1315 2919 1572 2977 fabulam
1617 2918 2009 2978 confecissem.
2077 2917 2287 2987 Quam·

61 3022 237 3078 quam
300 3008 351 3065 si
401 3005 648 3065 interfici
708 3007 1018 3066 Caesarem
1069 3008 1318 3066 voluisse
1377 3008 1595 3065 crimen
1659 3013 1774 3082 est,
1833 3006 1999 3080 vide,
2051 3021 2287 3078 quaeSO,

57 3095 312 3168 Antoni,
363 3095 498 3167 quid
544 3093 650 3153 tibi
695 3094 947 3153 futurum
993 3096 1094 3168 sit,
1158 3112 1327 3168 quem
1386 3100 1445 3153 et
1484 3095 1759 3153 Narbone
1819 3095 1929 3152 hoc
1990 3093 2288 3151 consilium

59 3199 196 3239 cum
244 3183 536 3241 Trebonio
584 3184 806 3255 cepisse
853 3184 1210 3241 notissimum
1258 3188 1380 3257 est,
1441 3190 1501 3242 et
1544 3183 1618 3242 ob
1664 3184 1791 3241 eius
1837 3182 2061 3241 consilii
2106 3181 2288 3239 socie-

54 3275 278 3345 tatem,
333 3287 463 3328 cum
520 3270 952 3330 interficeretur
998 3270 1244 3345 Caesar,
1301 3276 1427 3329 tum
1486 3278 1547 3329 te
1606 3288 1642 3329 a
1699 3271 1989 3329 Trebonio
2044 3268 2289 3327 vidimus

55 3359 346 3417 sevocari.
437 3359 562 3433 Ego
610 3365 804 3418 autem
837 3389 920 3400 —
951 3359 1082 3416 vide
1126 3376 1300 3431 quam
1338 3364 1534 3418 tecum
1572 3375 1737 3431 agam
1784 3375 1899 3416 non
1939 3357 2170 3416 inimice
2205 3389 2287 3399 —

52 3446 222 3519 quod
257 3445 411 3505 bene
459 3448 724 3519 cogitasti
772 3447 1110 3519 aliquando,
1171 3447 1378 3505 laudo:
1439 3446 1594 3520 quod
1638 3464 1753 3505 non
1799 3445 2069 3504 indicasti
2087 3491 2102 3520 ,
2161 3462 2292 3518 gra·

213 3689 265 3754 1)
301 3686 472 3754 Atqui
508 3685 569 3739 O.
608 3685 779 3750 Jahn3
815 3685 978 3752 vulgo
1019 3689 1197 3752 atque.
1318 3685 1376 3751 2)
1416 3683 1504 3737 Sic
1539 3683 1653 3737 cod.
1693 3685 1846 3750 Vat.;
1885 3686 2051 3738 ceteri
2083 3684 2289 3752 diym's-
2353 3706 2363 3718 ·

48 3755 195 3809 simi
241 3756 477 3810 iudicati
520 3762 665 3812 sunt.
842 3757 896 3823 3)
950 3755 1038 3809 Sic
1086 3754 1151 3808 de
1189 3755 1400 3808 Ernest.
1439 3755 1576 3808 coni.
1616 3755 1801 3822 Halm,
1846 3754 2143 3819 Eberhard3
2195 3755 2291 3807 alii

45 3827 616 3952 {ffiterffilssdYaticano
655 3842 758 3893 quo
770 3866 786 3892 ,
833 3828 930 3879 aut
964 3841 1084 3878 cum
1131 3824 1214 3878 ed.
1254 3824 1476 3878 Iuntina
1513 3839 1742 3892 quoquo.
1917 3825 1970 3891 4)
2018 3840 2110 3891 eqo
2148 3826 2290 3875 enim
