2669 4354
735 246 816 285 nn
852 245 1103 285 memo
1147 245 1237 288 on.
1286 246 1527 286 Pomm.
2153 233 2232 290 61

24 420 25 455 ³
84 416 366 489 Pompeium
384 463 398 489 ,
457 418 560 476 sed
619 419 693 477 ad
752 436 929 477 unum
991 424 1190 478 tamen
1245 419 1438 477 omnia
1500 418 1720 478 deferri
1779 436 1892 477 non
1948 426 2237 494 oportere.

24 530 25 541 ι
84 502 320 562 Obsolevit
360 507 475 563 iam
518 508 630 565 ista
674 508 884 581 oratio,
939 524 1004 565 re
1046 509 1224 565 multo
1281 507 1466 580 magis
1511 524 1683 580 quam
1729 508 1921 566 verbis
1964 508 2234 569 refutata.

24 612 25 617 ¹
83 591 194 648 Nam
233 598 290 649 tu
333 593 497 667 idem,
546 595 609 666 Q.
640 596 933 669 Hortensi,
980 596 1164 653 multa
1206 612 1310 668 pro
1356 600 1458 653 tua
1502 608 1724 653 summa
1754 595 1921 668 copia
1944 613 2012 654 ac
2043 599 2240 670 singu-

81 679 160 736 lari
182 677 435 740 facultate
466 682 697 741 dicendi
714 689 776 740 et
802 685 862 740 in
894 690 1103 741 senatu
1132 688 1333 741 contra
1352 683 1538 741 virum
1563 681 1790 757 fortem,
1819 684 1888 741 A.
1908 683 2237 759 Gabinium,

83 769 283 837 graviter
346 777 660 843 ornateque
726 771 956 845 dixisti,
1025 784 1151 837 cum
1209 771 1260 828 is
1309 770 1383 828 de
1446 787 1559 829 uno
1617 773 1967 843 imperatore
2037 778 2239 831 contra

80 856 341 925 praedones
394 858 792 917 constituendo
829 860 1021 932 legem
1062 859 1515 932 promulgasset,
1577 864 1639 916 et
1684 876 1754 916 ex
1791 860 1898 917 hoc
1940 861 2066 931 ipso
2111 862 2239 918 loco

77 947 307 1013 pennulta
347 946 485 1003 item
533 952 733 1006 contra
775 963 902 1005 eam
938 949 1128 1020 legem
1172 946 1351 1004 verba
1391 946 1601 1005 fecisti.
1692 946 1883 1016 Quid?
1942 954 2092 1022 tum,
2132 966 2239 1021 per
2260 951 2340 1011 53

24 1044 27 1049 ·
78 1030 180 1087 deos
210 1033 582 1108 immortaleS,
629 1036 677 1093 si
721 1036 850 1106 plus
894 1034 1050 1108 apud
1093 1034 1367 1107 populum
1411 1034 1727 1092 Romanum
1774 1036 2088 1093 auctoritas
2137 1042 2240 1095 tua

77 1135 203 1188 quam
239 1122 407 1194 ipsius
451 1124 650 1195 populi
695 1121 941 1181 Romani
1000 1124 1154 1180 salus
1197 1127 1256 1180 et
1300 1139 1442 1180 vera
1482 1138 1658 1180 causa
1701 1124 2008 1197 valuisset,
2066 1124 2239 1182 hodie

24 1242 25 1265 1
75 1206 186 1263 hanc
229 1210 457 1279 gloriam
505 1216 677 1283 atque
744 1211 852 1268 hoc
893 1211 1050 1268 orbis
1094 1216 1288 1268 terrae
1331 1211 1638 1284 imperium
1684 1214 2058 1269 teneremus?
2145 1212 2239 1269 An

75 1294 150 1350 tibi
181 1301 289 1353 tum
332 1298 640 1370 imperium
682 1299 789 1355 hoc
836 1315 964 1357 esse
996 1297 1322 1371 videbatur,
1371 1315 1500 1356 cum
1531 1299 1728 1371 populi
1767 1298 2013 1357 Romani
2041 1301 2238 1374 legati,

24 1384 25 1437 Τ
75 1389 352 1451 quaestores
392 1392 813 1458 praetoresque
861 1387 1279 1459 capiebantur?
1336 1403 1465 1444 cum
1510 1403 1582 1443 ex
1623 1387 1884 1444 omnibus
1929 1389 2237 1459 provinciis

75 1479 335 1531 commeatu
395 1479 455 1532 et
514 1475 741 1547 privato
801 1479 862 1532 et
905 1474 1133 1548 publico
1176 1473 1663 1547 prohibebamur?
1736 1491 1864 1532 cum
1908 1476 1995 1533 ita
2039 1476 2238 1533 clausa

72 1558 195 1615 nobis
239 1568 397 1620 erant
442 1565 629 1621 maria
674 1563 866 1621 omnia
883 1607 899 1636 ,
958 1568 1021 1619 ut
1065 1578 1253 1634 neque
1298 1564 1581 1637 privatam
1626 1579 1749 1620 rem
1791 1565 2235 1621 transmarinam

24 1664 25 1707 1
71 1660 213 1718 neque
250 1649 536 1721 publicam
581 1651 699 1708 iam
744 1651 906 1709 obire
954 1653 1290 1723 possemus?

201 1737 346 1807 Quae
393 1738 600 1797 civitas
647 1744 824 1797 antea
867 1754 1137 1810 umquam
1166 1736 1274 1795 fuit
1318 1770 1402 1777 —
1447 1755 1563 1795 non
1609 1738 1738 1796 dico
1775 1738 2341 1813 Atheniensium,18

71 1836 180 1890 quae
212 1826 342 1882 satis
384 1828 503 1885 late
552 1827 838 1899 quondam
877 1843 1037 1883 mare
1070 1826 1322 1884 tenuisse
1371 1824 1600 1899 dicitur,
1647 1843 1760 1884 non
1789 1826 2234 1897 Karthaginien·
2257 1835 2339 1893 54

72 1908 206 1983 sium,
258 1915 351 1984 qui
406 1915 759 1987 permultum
821 1915 1003 1972 classo
1052 1930 1120 1971 ac
1166 1913 1468 1973 maritimis
1510 1913 1685 1972 rebus
1728 1915 2064 1987 valuerunt,
2120 1931 2237 1972 non

71 1992 387 2075 Rhodiorum,
434 2014 686 2075 quorum
731 2016 913 2075 usque
956 2001 1028 2060 ad
1059 2006 1314 2059 nostram
1345 2002 1680 2059 memoriam
1720 2001 2022 2074 disciplina
2063 2018 2237 2059 nava-

70 2082 120 2140 lis
165 2096 213 2145 et
262 2091 440 2162 gloria
491 2092 778 2149 remansit
831 2123 912 2130 -
978 2102 1125 2162 quae
1150 2085 1203 2170 1)
1263 2090 1464 2147 civitas
1523 2090 1755 2162 inquam
1772 2084 1826 2170 ²)
1879 2094 2053 2148 antea
2119 2096 2236 2148 tam

70 2174 242 2248 tenuis,
292 2195 442 2250 quae
491 2186 618 2237 tam
639 2174 690 2259 ³)
736 2196 915 2253 parva
958 2180 1150 2236 insula
1195 2176 1337 2252 fuit,
1394 2194 1542 2249 quae
1589 2195 1705 2236 non
1749 2184 1950 2251 portus
1995 2195 2127 2237 suos
2178 2185 2237 2237 et

72 2273 193 2331 agros
240 2273 294 2323 et
347 2269 610 2339 aliquam
667 2273 893 2341 partem
939 2267 1194 2339 regionis
1239 2271 1411 2338 atque
1468 2281 1606 2324 orae
1652 2268 1975 2326 maritimae
2020 2284 2127 2340 per
2172 2283 2235 2324 Se

69 2345 158 2416 ipsa
192 2352 575 2414 defenderet?
661 2355 741 2411 At
770 2354 1009 2412 hercule
1055 2355 1277 2426 aliquot
1304 2370 1484 2412 annos
1526 2355 1831 2412 continuos
1876 2361 2012 2413 ante
2045 2357 2235 2428 legem

71 2432 317 2500 Gabiniam
359 2443 465 2501 ille
514 2444 762 2516 populus
809 2443 1101 2502 Romanus
1122 2488 1137 2515 ,
1185 2443 1348 2499 cuius
1392 2458 1572 2514 usque
1620 2442 1694 2500 ad
1737 2448 1995 2500 nostram
2025 2460 2238 2501 memo-

24 2545 25 2550 *
69 2523 174 2581 riam
218 2546 416 2589 nomen
463 2532 745 2590 invictum
787 2532 848 2588 in
892 2530 1194 2589 navalibus
1238 2531 1445 2603 pugnis
1489 2532 1877 2602 permanserit
1895 2527 1982 2611 ⁴),
2028 2547 2237 2603 magna

66 2624 115 2667 ac
149 2617 305 2676 multo
349 2622 607 2678 maxima
649 2624 818 2693 parte
863 2635 977 2676 non
1023 2618 1189 2676 modo
1219 2618 1490 2675 utilitatis
1508 2662 1524 2691 ,
1570 2618 1673 2676 sed
1718 2618 2015 2692 dignitatis
2061 2624 2235 2691 atque

24 2759 25 2764 ,
64 2696 236 2771 imperii
291 2709 495 2767 caruit.
602 2708 754 2778 Nos,
814 2723 1051 2779 quorum
1115 2706 1362 2764 maiores
1422 2705 1767 2763 Antiochum
1811 2723 2010 2780 regem
2054 2707 2236 2765 classe
2257 2717 2337 2775 55

64 2782 338 2867 Persenque
397 2799 782 2868 superarunt,
836 2794 1208 2866 omnibusque
1268 2794 1572 2852 navalibus
1645 2794 1850 2867 pugnis
1927 2794 2236 2867 Karthagi-

24 2883 25 2892 ’
63 2875 266 2954 nienseS,
323 2884 593 2942 homines
646 2884 709 2940 in
763 2883 1063 2941 maritimis
1132 2882 1310 2940 rebus
1371 2882 1879 2940 exercitatissimos
1937 2883 2238 2955 paratissi-

24 3031 25 3036 1
63 2976 279 3043 mosque,
333 2974 638 3045 vicerunt,
699 2971 742 3028 ii
798 2971 956 3029 nullo
1012 2971 1073 3027 in
1119 2970 1246 3028 loco
1286 2970 1403 3028 iam
1447 2969 1835 3042 praedonibus
1877 2986 2048 3042 pares
2107 2986 2235 3028 esse

24 3077 25 3080 ¹
62 3057 364 3119 poteramus:
431 3077 544 3117 nos
561 3104 576 3133 ,
638 3060 736 3159 qui
781 3064 957 3117 antea
1000 3074 1114 3115 non
1160 3058 1328 3116 modo
1369 3057 1595 3116 Italiam
1640 3062 1824 3115 tutam
1866 3057 2235 3131 habebamuS,

24 3173 25 3194 ι
61 3139 135 3196 sed
169 3159 352 3205 omnes
401 3148 594 3207 socios
635 3147 696 3204 in
740 3146 954 3204 ultimis
1000 3146 1116 3203 oris
1163 3145 1513 3204 auctoritate
1554 3147 1738 3204 nostri
1782 3146 2011 3219 imperii
2049 3147 2236 3203 salvos

24 3235 308 3294 praestare
359 3241 734 3309 poteramuS,
780 3240 938 3308 tum,
985 3247 1114 3291 cum
1145 3234 1336 3291 insula
1366 3233 1576 3307 Delos,
1622 3238 1740 3292 tam
1776 3235 1974 3305 procul
2006 3250 2042 3291 a
2069 3234 2236 3290 nobis

24 3339 25 3388 l
58 3312 97 3367 in
130 3317 347 3394 Aegaeo
394 3324 548 3382 mari
593 3324 810 3397 posita,
857 3336 970 3395 quo
1016 3338 1214 3380 omnes
1261 3321 1513 3393 undique
1560 3338 1688 3379 cum
1734 3322 2018 3380 mercibus
2064 3328 2235 3394 atque

24 3391 279 3478 ,oneribus
334 3412 766 3484 commeabant,
824 3409 1046 3469 referta
1104 3408 1351 3483 divitiis,
1411 3426 1620 3483 parva,
1682 3410 1807 3467 Sine
1854 3426 2045 3483 mure,
2095 3410 2240 3468 nihil

24 3490 286 3584 timebat,
336 3500 531 3559 eidem
577 3517 692 3558 non
736 3498 903 3557 modo
949 3497 1259 3570 provinciis
1305 3502 1478 3569 atque
1523 3497 1638 3555 oris
1682 3498 1892 3555 Italiae
1937 3497 2240 3557 maritimis

57 3591 104 3635 ²²0
153 3588 427 3656 portubus
487 3589 728 3660 nostriS,
783 3586 888 3645 sed
939 3586 1115 3643 etiam
1158 3586 1352 3658 Appia
1408 3585 1524 3643 iam
1578 3585 1674 3644 via
1718 3585 2074 3645 carebamus.
2162 3587 2244 3646 Et

197 3753 247 3820 1)
284 3752 376 3804 sed
425 3768 577 3819 quae
607 3752 903 3819 PluygerS‚
938 3766 1036 3803 rec.
1079 3750 1303 3831 Kayser.
1492 3750 1546 3817 2)
1582 3750 1809 3816 mquam
1844 3749 2145 3816 Eberhard,
2182 3753 2245 3802 ut,

56 3819 174 3871 antea
204 3824 399 3876 coniec.
433 3823 626 3876 Halm.
665 3836 929 3887 uniquam
965 3820 1141 3873 codd:
1169 3820 1364 3873 civitas
1391 3820 1608 3874 inclusit
1633 3822 1814 3874 Halm.
1887 3821 1941 3887 3)
1961 3834 2105 3883 quae
2131 3826 2245 3873 tam

56 3881 309 3949 Manutius
346 3894 501 3947 codd.
538 3900 671 3961 tam,
723 3908 856 3960 quos
894 3891 1137 3960 sequitur
1171 3891 1353 3945 Halm.
1424 3891 1482 3961 4)
1508 3894 1899 3959 permanserat
1928 3886 2081 3943 codd
2110 3888 2244 3943 dett.
