2669 4354
898 257 966 295 m
1010 255 1360 296 GArmNAM.
2116 245 2239 303 103

70 433 321 502 suscepta,
375 428 576 486 laedat
618 429 869 503 invidOS,
929 429 1070 486 mihi
1115 430 1309 487 valeat
1355 428 1430 486 ad
1473 430 1729 503 gloriam.
1834 429 2103 504 Denique
2158 433 2244 490 ita

68 533 136 573 me
175 516 231 572 in
273 532 336 572 re
383 516 618 589 publiea
661 517 957 590 tractabo,
1015 522 1080 574 ut
1130 517 1495 575 meminerim
1556 532 1784 590 semper
1838 533 1986 590 quae
2048 536 2242 593 gesse-

68 604 178 676 rim,
230 620 540 676 curemque
597 610 661 662 ut
715 620 787 662 ea
829 605 1044 664 virtute
1061 648 1078 678 ,
1139 621 1253 662 non
1314 620 1452 661 casu
1510 611 1677 677 gesta
1732 620 1859 663 esse
1917 605 2240 665 videantur.

66 690 183 763 Vos,
221 691 497 765 Quirites,
545 693 815 765 quoniam
857 693 975 749 iam
1018 709 1132 750 nox
1178 696 1302 764 est,
1347 692 1611 750 venerati
1658 691 1855 750 Iovem
1899 693 2079 768 illum,
2142 711 2240 752 cu-

65 778 251 835 stodem
294 779 463 837 huius
507 780 670 837 urbis
718 796 788 838 ac
832 783 1114 853 vestrum,
1173 779 1237 836 in
1278 783 1476 836 vestra
1518 784 1678 837 tecta
1721 779 1999 839 discedite
2045 786 2106 839 et
2151 798 2241 856 ea,

62 882 365 938 quamquam
414 869 528 925 iam
579 872 670 924 est
718 867 1040 939 perieulum
1084 865 1417 939 depulsum,
1462 871 1661 924 tamen
1705 883 1889 940 aeque
1937 885 2004 926 ae
2046 870 2241 942 priore

60 961 201 1011 nocte
239 955 512 1013 custodiis
557 955 881 1027 vigiliisque
929 953 1246 1013 defendite.
1321 954 1390 1012 Id
1436 971 1510 1012 ne
1555 954 1718 1012 vobis
1764 954 1976 1013 diutius
2020 954 2243 1014 facien-

59 1042 170 1098 dum
211 1044 281 1100 sit
322 1048 500 1115 atque
545 1049 610 1100 ut
654 1043 715 1099 in
759 1046 1044 1115 perpetua
1082 1058 1226 1114 paee
1275 1057 1405 1100 esse
1450 1041 1679 1113 possitis
1722 1043 2036 1114 providebo
2057 1037 2124 1123 1).

170 1294 219 1360 1)
254 1294 405 1346 Haec
442 1293 624 1347 omnia
668 1291 794 1345 inde
839 1308 873 1344 a
911 1290 1260 1358 Quamquam
1301 1289 1543 1358 me‘tes
1592 1296 1623 1356 ἓ
1649 1291 1715 1343 27
1753 1290 1966 1345 adiecta
2009 1309 2071 1344 ex
2114 1293 2238 1361 epil.

58 1380 113 1415 or.
144 1364 217 1416 IV
251 1381 294 1418 e
321 1364 476 1418 20—
490 1363 560 1416 24
596 1365 781 1416 censet
815 1362 1041 1429 Kayser.
