2669 4354
821 235 934 277 rao
980 236 1142 276 auen
1187 236 1505 278 DEIOTARO.
2140 222 2266 280 283

92 408 193 467 diae
233 408 608 481 suspicemur.
714 408 828 466 Per
871 407 1172 467 dexteram
1216 410 1388 467 istam
1436 415 1495 470 te
1541 426 1674 484 oro,
1720 427 1890 483 quam
1934 412 2059 485 regi
2092 411 2270 472 Deio-

91 485 188 554 taro
239 497 452 569 hospes
506 496 717 567 hospiti
772 497 1082 568 porrexisti
1096 541 1111 569 ,
1184 497 1383 570 istam,
1455 499 1715 571 inquam,
1791 498 2092 558 dexteram
2152 517 2269 559 non

88 592 179 641 tam
206 579 251 662 ¹)
309 585 374 641 in
419 584 588 642 bellis
632 599 822 656 neque
867 584 929 640 in
971 585 1205 656 proeliis
1251 600 1423 657 quam
1467 586 1529 643 in
1571 586 1864 658 promissis
1910 592 1970 645 et
2014 586 2127 646 fide
2172 586 2267 645 fir-

87 673 311 731 miorem.
403 671 491 729 Tu
550 672 706 729 illius
753 670 983 742 domum
1039 672 1218 745 inire,
1282 678 1344 729 tu
1402 679 1570 731 vetus
1613 673 1921 745 hospitium
1983 690 2266 735 renovare

86 761 311 832 voluisti,
368 766 428 817 te
474 759 601 818 eius
642 759 700 817 di
737 765 984 833 penates
1029 766 1383 832 acceperunt
1402 805 1417 833 ‚
1480 767 1536 819 te
1583 761 1830 819 amicum
1874 767 1936 820 et
1974 764 2267 835 placatum

87 841 384 927 [Deiotari]
404 842 460 926 2)
516 847 673 920 regis
729 863 867 906 arae
927 845 1155 920 focique
1204 847 1486 906 viderunt.
1594 848 1735 907 Cum
1788 847 1960 908 facile
2022 850 2175 908 orari
2197 843 2324 929 3),9

85 934 295 1008 Caesar,
355 943 483 993 tum
536 935 715 994 semel
773 935 1002 994 exorari
1056 935 1223 994 soles
1327 935 1512 994 Nemo
1572 953 1841 1009 umquam
1898 941 1957 996 te
2015 938 2269 1010 placavit

82 1024 320 1082 inimicus
339 1068 356 1096 ,
418 1024 515 1096 qui
568 1023 715 1080 ullas
759 1023 1051 1081 resedisse
1097 1024 1159 1080 in
1211 1030 1271 1080 te
1318 1024 1627 1082 simultatis
1679 1024 1955 1097 reliquias
2001 1026 2266 1083 senserit.

81 1111 409 1183 Quamquam
472 1112 568 1168 cuj
640 1116 774 1169 sunt
848 1110 1146 1168 inauditae
1207 1128 1337 1169 cum
1397 1110 1675 1170 Deiotaro
1739 1113 2033 1184 querellae
2092 1116 2270 1171 tuae?

79 1199 377 1272 Numquam
425 1206 488 1258 tu
532 1199 696 1257 illum
741 1199 1087 1256 accusavisti
1129 1206 1193 1256 ut
1236 1199 1489 1271 hostem,
1535 1199 1637 1257 sed
1685 1206 1747 1258 ut
1786 1201 2037 1258 amicum
2081 1198 2269 1258 officio

76 1304 251 1358 parum
297 1285 559 1345 functum
577 1331 592 1360 ,
650 1286 802 1358 quod
842 1288 1185 1358 propensior
1229 1288 1290 1344 in
1337 1285 1438 1346 Cn.
1485 1287 1726 1360 Pompei
1771 1289 2086 1347 amicitiam
2129 1287 2269 1347 fuis-

76 1382 146 1433 set
183 1392 356 1448 quam
394 1375 459 1432 in
502 1380 690 1432 tuam:
738 1375 830 1430 cui
873 1380 1068 1432 tamen
1114 1373 1228 1446 ipsi
1267 1376 1356 1432 rei
1401 1375 1630 1433 veniam
1673 1380 1734 1433 te
1779 1375 2047 1433 daturum
2089 1373 2267 1436 fuisse

75 1463 311 1536 dicebaS,
388 1462 440 1520 si
501 1469 621 1521 tum
638 1455 694 1540 ⁴¹)
762 1462 979 1520 auxilia
1036 1460 1311 1534 Pompeio
1367 1463 1461 1520 vel
1519 1464 1570 1519 si
1616 1464 1793 1521 etiam
1847 1460 2029 1521 filium
2085 1464 2269 1521 misis-

74 1559 175 1624 set,
261 1553 390 1625 ipse
457 1550 668 1610 aetatis
740 1550 1109 1609 excusatione
1182 1566 1317 1607 usus
1387 1556 1555 1608 esset.
1673 1552 1765 1608 Ita
1821 1567 1950 1609 cum
2008 1552 2269 1609 maximis

75 1656 183 1696 eum
235 1640 412 1697 rebus
465 1638 775 1710 liberares,
839 1653 1185 1710 perparvam
1243 1636 1535 1696 amicitiae
1590 1639 1813 1710 culpam
1868 1639 2269 1711 relinquebam

71 1727 241 1799 itaque
291 1743 410 1785 non
470 1728 655 1784 solum
699 1726 761 1783 in
826 1742 955 1782 eum
1013 1741 1129 1782 non
1176 1725 1662 1799 animadvertisti,
1739 1724 1842 1784 sed
1901 1720 2056 1784 omni
2110 1733 2268 1785 metu
2291 1737 2369 1795 10

71 1814 397 1888 liberavisti,
468 1814 750 1886 hospitem
801 1814 1119 1886 agnovisti,
1195 1830 1398 1886 regem
1451 1814 1753 1886 reliquisti.
1844 1813 2052 1885 Neque
2114 1814 2269 1872 euim

12 1901 23 1984 Ι
69 1903 147 1961 ille
201 1904 336 1961 odio
398 1903 482 1960 tui
539 1917 908 1974 progressuS,
973 1900 1077 1959 sed
1130 1917 1328 1960 errore
1407 1901 1689 1959 communi
1742 1902 1935 1974 lapsus
1992 1906 2093 1959 est.
2211 1901 2269 1960 Is

66 2007 177 2063 rex,
222 2008 401 2063 quem
447 1994 683 2049 senatus
729 1989 835 2047 hoc
884 1990 1115 2046 nomine
1161 2005 1336 2060 saepe
1381 1987 1972 2048 honorificentissimis
2016 1988 2268 2047 decretis

62 2080 454 2153 appellavisset
514 2078 724 2149 quique
777 2078 940 2133 illum
963 2068 1016 2153 ⁵)
1087 2077 1348 2136 ordinem
1410 2076 1485 2135 ab
1544 2077 1945 2137 adulescentia
2000 2077 2268 2150 gravissi-

63 2184 191 2226 mum
262 2166 803 2238 sanctissimumque
874 2164 1167 2237 duxisset,
1242 2165 1426 2224 isdem
1492 2164 1667 2224 rebus
1730 2172 1819 2224 est
1874 2165 2266 2239 perturbatuS,

64 2255 206 2316 homo
256 2256 609 2328 longinquus
659 2261 717 2311 et
763 2254 1125 2326 alienigena,
1174 2253 1381 2326 quibus
1425 2269 1548 2327 nOS,
1593 2253 1657 2311 in
1696 2253 1889 2312 media
1931 2270 1999 2312 re
2036 2254 2270 2327 publica

66 2346 165 2402 nati
239 2358 589 2416 semperque
668 2343 899 2399 versati.
1034 2340 1176 2400 Cum
1245 2341 1476 2399 audiret
1541 2347 1777 2400 senatus
1852 2343 2335 2410 consentientis4

64 2433 392 2491 auctoritate
437 2446 602 2489 arma
646 2435 903 2501 sumpta,
950 2429 1303 2503 consulibus,
1350 2429 1742 2501 praetoribuS,
1788 2428 2035 2488 tribunis
2065 2429 2270 2503 plebiS,
2293 2440 2367 2495 11

64 2520 208 2577 nobis
252 2517 704 2592 imperatoribus
750 2534 874 2576 rem
917 2517 1207 2589 publicam
1246 2515 1675 2576 defendendam
1720 2517 1942 2590 datam,
2002 2518 2272 2576 moveba-

66 2615 140 2665 tur
199 2609 395 2667 animo
462 2612 522 2664 et
588 2606 672 2662 vir
739 2606 871 2663 huic
930 2605 1173 2677 imperio
1242 2605 1619 2663 amicissimus
1681 2604 1754 2663 de
1823 2605 2010 2663 salute
2075 2606 2273 2679 populi

65 2696 299 2754 Romani
364 2692 813 2762 extimescebat,
874 2693 935 2749 in
980 2709 1092 2764 qua
1138 2693 1314 2750 etiam
1378 2708 1538 2750 suam
1595 2708 1723 2750 esse
1784 2693 2063 2751 inclusam
2115 2693 2273 2751 vide-

63 2782 171 2841 bat:
240 2785 304 2842 in
357 2798 578 2840 summo
624 2786 818 2839 tamen
863 2781 1070 2838 timore
1131 2780 1541 2852 quiescendum
1597 2780 1706 2838 sibi
1732 2776 1784 2860 ⁶)
1843 2797 1970 2839 esse
2027 2780 2273 2839 arbitra-

61 2872 236 2931 batur.
339 2871 595 2928 Maxime
656 2885 794 2927 vero
853 2868 1225 2941 perturbatus
1280 2873 1370 2925 est
1389 2912 1404 2941 ,
1480 2873 1543 2925 ut
1602 2867 1825 2926 audivit
1886 2868 2146 2927 consules
2201 2884 2273 2926 ex

62 2960 223 3018 Italia
269 2958 595 3033 profugisse
636 2973 945 3028 omnesque
991 2957 1323 3014 consulares
1356 2988 1438 2995 —-
1472 2957 1555 3013 sic
1597 2956 1752 3014 enim
1795 2957 1853 3012 ei
1896 2955 2275 3015 nuntiabatur

65 3082 131 3090 —
181 3054 459 3106 cunctum
506 3050 800 3118 senatum,
860 3051 1041 3102 totam
1085 3044 1315 3102 Italiam
1363 3059 1492 3102 esse
1540 3042 1802 3118 effusam,
1855 3045 2065 3102 talibus
2120 3044 2274 3102 enim

62 3138 271 3195 nuntiis
320 3142 381 3193 et
426 3133 751 3191 rumoribus
794 3132 1038 3204 patebat
1081 3131 1153 3189 ad
1199 3133 1486 3190 orientem
1526 3132 1621 3189 via
1667 3148 1776 3190 nec
1820 3133 1925 3190 ulli
1971 3132 2096 3190 veri
2140 3131 2272 3190 sub-

61 3225 460 3297 sequebantur.
552 3221 712 3278 Nihil
768 3221 870 3278 ille
915 3219 988 3278 de
1049 3219 1478 3278 condicionibus
1527 3219 1641 3278 tuis
1658 3263 1674 3293 ,
1741 3219 1889 3278 nihil
1948 3220 2022 3278 de
2083 3219 2274 3278 studio

8 3468 9 3481 ,
195 3426 251 3489 1)
289 3428 406 3475 tam
444 3420 512 3475 de
551 3421 756 3474 Manut.
799 3437 862 3473 su
985 3417 1088 3471 del.
1130 3417 1380 3481 Schuetz,
1421 3412 1725 3484 Eberhard3
1761 3436 1877 3473 non
1912 3436 2032 3474 eam
2069 3420 2273 3485 Wolff.;

65 3496 145 3547 sed
184 3512 235 3545 v.
276 3494 393 3546 Liv.
425 3490 508 3554 28,
537 3491 620 3545 39.
652 3490 718 3543 12
745 3436 1085 3556 quodpnobis
1121 3505 1234 3541 mm
1269 3493 1383 3541 tam
1419 3490 1610 3555 fructu
1643 3489 1942 3542 mcwndius
1977 3495 2071 3553 cst,
2108 3507 2277 3557 quam

64 3565 280 3618 ultione.
441 3563 495 3628 2)
532 3561 697 3615 Halm
744 3577 862 3613 unc.
901 3577 1014 3629 p.os
1178 3560 1233 3625 3)
1273 3559 1360 3613 Sic
1398 3558 1550 3613 codd.
1588 3576 1617 3612 o
1657 3561 1803 3625 timi3
1841 3561 2003 3627 vulgo
2038 3561 2275 3627 exorari,

62 3635 200 3701 quod
240 3633 416 3686 Madv
455 3632 606 3685 uncis
644 3630 882 3684 inclusit
957 3631 1013 3697 4)
1053 3630 1139 3683 Sic
1161 3629 1367 3693 Halm.;
1357 3627 1544 3682 *codd
1584 3647 1619 3696 p
1645 3646 1721 3683 ur.
1761 3630 1811 3683 si
1849 3646 1999 3694 ωιτη
2034 3632 2124 3686 αλιι
2160 3649 2277 3686 cum

62 3706 243 3773 paucis
280 3703 425 3757 codd.
464 3703 516 3755 si
552 3708 765 3756 tantum
803 3701 887 3753 vel
923 3700 985 3753 si.
1200 3702 1254 3766 5)
1305 3670 1395 3753 Si'c
1431 3716 1568 3752 unus
1616 3699 1781 3753 codex
1830 3701 2060 3782 optimae
2101 3705 2277 3769 notae,

62 3775 301 3841 plerique
363 3772 561 3840 quique
628 3788 746 3824 cum
814 3770 998 3837 illum,
1092 3768 1228 3823 unde
1299 3768 1521 3837 Madvig
1589 3771 1840 3838 scripsit
1879 3771 2071 3839 quique
2141 3789 2277 3826 cum.

62 3846 110 3913 6)
147 3844 321 3900 Codd
363 3843 522 3899 alteri
564 3841 942 3911 quiescendum
970 3846 1031 3895 ut
1069 3839 1198 3911 sibi,
1238 3837 1398 3895 alteri
1435 3839 1835 3908 quiescendum.
