2669 4354
842 842 1448 922 ORATIO

1091 1004 1221 1045 PRO

452 1119 1837 1207 P.S·EST10.

8 1289 13 1382 ,
994 1331 1298 1338 ffi-

8 1561 9 1568 Ὶ
604 1483 1225 1549 ARGVMENTVM
1272 1482 1686 1548 ERNESTII.

8 1623 11 1714 ξ
119 1657 170 1711 Ρ.
233 1656 447 1710 Sestius
499 1657 749 1722 tribunus
798 1657 974 1726 plebis
1020 1655 1125 1709 fuit
1173 1654 1233 1708 P.
1270 1655 1504 1708 Lentulo
1541 1654 1823 1722 Spinthere
1862 1657 1916 1706 et
1944 1653 2003 1717 Q.
2042 1653 2261 1707 Metello

8 1731 9 1738 ’
178 1726 362 1780 Celere
412 1728 723 1781 consulibus
775 1730 842 1794 (a.
872 1729 956 1782 57.
1008 1743 1053 1780 a.
1103 1725 1227 1778 Chr.
1274 1728 1369 1791 n.).
1441 1725 1495 1778 Is
1546 1740 1667 1777 cum
1716 1727 1860 1777 esset
1897 1723 2172 1776 Ciceronis
2209 1726 2264 1776 et

8 1779 11 1840 ἶ
177 1797 525 1867 optimatium
566 1799 802 1851 omnium
842 1797 1278 1858 amantissimuS‚
1325 1799 1500 1848 totum
1537 1793 1874 1847 tribunatum
1914 1810 2068 1846 suum
2106 1797 2161 1846 et
2194 1791 2263 1845 ad

176 1867 491 1921 Ciceronem
540 1868 931 1922 restituendum
980 1871 1033 1920 et
1070 1867 1138 1919 ad
1177 1866 1508 1934 perniciosas
1545 1865 1695 1933 leges
1732 1864 2099 1932 impediendas
2137 1879 2262 1916 con-

176 1938 318 1992 tulit.
393 1938 543 2003 Quae
578 1955 661 1992 res
691 1954 880 2006 parum
921 1938 1093 1991 abfuit
1132 1937 1258 2005 quin
1299 1937 1348 1989 ei
1390 1951 1652 1989 summam
1690 1934 1980 2002 perniciem
2007 1934 2259 1987 adferret.

175 2009 314 2061 Nam
379 2025 500 2061 cum
558 2010 730 2077 primo
792 2011 1011 2063 senatus
1071 2008 1316 2060 consulto
1379 2007 1442 2059 de
1495 2005 1788 2059 revocando
1828 2004 2083 2058 Cicerone
2117 2003 2260 2056 facto

175 2078 458 2131 Fabricius
492 2078 744 2133 tribunus
782 2080 855 2148 pl.
894 2078 1042 2134 VIII.
1079 2078 1200 2131 Kal.
1240 2077 1394 2130 Febr.
1432 2080 1610 2129 rostra
1648 2075 2062 2141 conscendisset,
2102 2076 2164 2126 ut
2192 2074 2261 2127 ad

176 2149 436 2218 populum
484 2148 550 2202 de
600 2150 783 2204 eadem
832 2167 887 2203 re
924 2149 1115 2211 ferret,
1170 2164 1358 2219 operae
1405 2146 1693 2200 Clodianae
1747 2147 2006 2216 impetum
2045 2147 2100 2199 in
2138 2161 2259 2199 eum

175 2218 433 2283 fecerunt,
464 2222 527 2272 ut
552 2237 670 2274 eum
701 2221 767 2274 de
793 2221 981 2274 rostris
1008 2219 1294 2281 deicerent,
1337 2221 1392 2271 et
1412 2221 1527 2271 orta
1555 2218 1824 2286 utrimque
1852 2233 2034 2286 pugna
2064 2232 2261 2283 magna

177 2290 364 2343 caedes
413 2290 561 2344 facta
599 2294 710 2345 est:
763 2291 950 2345 deinde
987 2306 1107 2343 cum
1146 2290 1207 2354 Q.
1246 2289 1497 2342 Metellus
1533 2288 1589 2341 in
1627 2288 1825 2355 templo
1864 2287 2100 2341 Castoris
2140 2303 2260 2339 cum

173 2361 373 2428 populo
414 2365 605 2425 ageret
639 2367 691 2415 et
721 2363 893 2430 legem
926 2362 1163 2429 aliquam
1193 2361 1259 2412 ad
1287 2360 1545 2427 populum
1572 2358 1748 2420 ferret,
1781 2358 2098 2427 Sestiasque
2143 2373 2260 2409 eam

173 2430 534 2498 perniciosam
560 2432 870 2485 existimans
900 2430 1258 2484 descendisset
1293 2430 1448 2497 eique
1478 2428 1921 2487 obnuntiavisset,
1959 2429 2153 2481 iterum
2178 2427 2260 2479 vis

172 2517 204 2553 a
242 2500 523 2554 Clodianis
583 2504 701 2555 orta
738 2507 836 2564 est,
887 2519 992 2570 qua
1043 2502 1156 2569 ipse
1193 2517 1362 2569 paene
1402 2500 1612 2552 Sestius
1654 2502 1738 2551 est
1774 2499 1997 2551 deletus.
2053 2498 2260 2551 Harum

173 2586 352 2624 rerum
405 2572 623 2640 culpam
673 2589 793 2625 cum
839 2572 896 2624 in
935 2572 1170 2625 Sestium
1223 2570 1464 2624 conferre
1503 2569 1749 2624 Clodiani
1800 2572 2080 2637 cuperent,
2137 2585 2259 2621 eum

175 2643 418 2708 proximo
458 2658 599 2696 anno
638 2643 757 2710 lege
796 2644 1019 2695 Lutatia
1054 2658 1202 2695 reum
1245 2641 1310 2694 de
1349 2642 1401 2693 vi
1437 2640 1691 2693 fecerunt.
1775 2639 1837 2691 In
1878 2656 1980 2708 quo
2019 2638 2258 2706 periculo

172 2728 293 2765 cum
328 2715 545 2779 praeter
579 2712 714 2766 alios
742 2712 1067 2765 Hortensius
1105 2715 1159 2765 et
1182 2708 1780 2765 Cicero'subvenissent
1807 2725 2034 2777 eumque
2062 2709 2259 2762 oratio-

169 2782 332 2835 nibus
382 2782 779 2849 defendissent,
832 2783 1110 2836 absolutus
1149 2786 1233 2835 est
1266 2781 1502 2834 iudicum
1541 2780 1838 2833 sententiis.
1915 2778 2259 2833 Defensionis

172 2855 358 2906 autem
384 2852 768 2907 Ciceronianae
805 2854 938 2906 haec
971 2856 1055 2906 est
1078 2853 1235 2914 ratio,
1273 2855 1351 2913 ut,
1382 2850 1556 2919 qualis
1584 2850 1789 2904 Sestius
1817 2849 1941 2902 inde
1969 2866 2001 2902 a
2027 2849 2261 2918 pueritia

171 2922 533 2991 inprimisque
562 2923 618 2976 in
644 2924 926 2977 tribunatu
954 2922 1131 2988 fuerit,
1169 2924 1563 2983 commemoret,
1604 2923 1674 2985 et,
1741 2935 2066 2988 uaecumque
2092 2919 2174 2972 vis
2202 2920 2257 2972 in

170 2994 286 3046 foro
327 2995 383 3045 ct
420 2994 476 3046 in
515 2995 716 3061 templo
745 2993 985 3048 Castoris
1021 2996 1233 3046 versata
1269 2993 1359 3054 sit,
1400 3008 1517 3045 eam
1555 3009 1587 3044 a
1613 2991 1710 3043 Clo
1753 2991 1888 3043 ‘anis
1927 2994 2100 3043 ortam
2142 3006 2259 3043 esse

172 3063 445 3116 ostendat.
506 3064 578 3117 Et
607 3064 859 3132 quoniam
888 3066 1166 3117 accusator
1192 3062 1354 3117 Sestii
1380 3064 1645 3130 quaedam
1665 3061 1834 3114 'etiam
1863 3062 1919 3115 in
1947 3060 2259 3114 Ciceronem

172 3134 415 3196 dixerat,
479 3134 861 3202 inprimisque,
920 3150 1182 3202 quaenam
1235 3135 1379 3186 esset
1416 3133 1513 3186 illa
1551 3131 1896 3200 optimatium
1929 3132 2105 3195 natio,
2161 3147 2258 3198 per

170 3201 463 3257 ludibrium
497 3221 559 3258 ex
586 3204 839 3259 Cicerone
865 3206 1190 3272 quaesierat:
1230 3206 1332 3257 hac
1359 3205 1635 3257 occasione
1662 3205 1878 3272 arrepta
1906 3200 2023 3255 fuse
2053 3202 2108 3254 et
2131 3216 2257 3270 gra-

171 3273 330 3339 viter,
371 3276 462 3343 qui
491 3275 600 3328 sint
637 3277 926 3345 optimates
951 3277 1006 3328 et
1031 3277 1331 3342 populareS‚
1370 3275 1525 3327 docet
1551 3277 1606 3327 et
1631 3274 1793 3326 simul
1824 3271 2062 3326 ostendit
2087 3288 2258 3342 popu-

169 3343 286 3396 lum
325 3344 628 3398 Romanum
664 3346 829 3399 etiam
869 3361 1009 3397 nunc
1045 3347 1101 3399 in
1139 3344 1397 3409 comitiis,
1433 3343 1771 3397 contionibus
1807 3341 2053 3411 ludisque
2090 3342 2255 3409 signi-

169 3412 336 3467 ficare
377 3416 552 3485 magis
592 3415 697 3470 sibi
735 3416 1026 3485 optimates
1065 3432 1225 3484 quam
1262 3415 1547 3483 populares
1581 3415 1809 3482 placere.

54 3724 120 3836 Si
161 3778 291 3847 quis
335 3783 510 3838 antea
528 3825 543 3854 ,
614 3781 867 3855 iudiceS‚
930 3781 1248 3839 mirabatur
1294 3780 1431 3854 quid
1477 3788 1664 3857 esset,
1725 3782 1879 3855 quod
1924 3796 2029 3854 pro
2075 3781 2253 3837 tantis
2274 3783 2314 3848 1

54 3872 232 3947 opibus
291 3875 379 3933 rei
435 3876 703 3949 publicae
759 3882 1037 3950 tantaque
1085 3877 1372 3951 dignitate
1425 3878 1654 3952 imperii
1699 3893 2065 3952 nequaquam
2109 3878 2251 3937 satis
2279 3875 2310 3931 1
