2669 4354
925 239 1038 278 PRO
1078 240 1129 278 Ρ.
1178 238 1394 278 εΕεΉο.
2145 227 2265 282 241

92 417 195 469 rent
234 412 328 470 alii
372 412 714 471 Numerium
735 456 749 482 ,
807 411 907 468 alii
953 410 1277 481 Quintium,
1340 411 1555 483 gemini
1600 412 1845 469 nominis
1893 429 2092 470 errore
2148 429 2270 470 ser-

92 506 221 558 vatus
269 505 368 558 est.
487 502 681 572 Atque
738 500 850 557 hoc
912 501 1071 557 scitis
1132 515 1364 571 omneS,
1437 516 1618 570 usque
1667 500 1813 557 adeo
1867 500 2158 558 hominem
2203 502 2267 558 in

88 589 303 660 periculo
346 588 549 662 fuisse,
614 586 805 660 quoad
859 588 1066 645 scitum
1128 587 1203 644 sit
1227 580 1280 667 l)
1345 586 1594 645 Sestium
1656 590 1869 645 vivere.
1990 587 2152 658 Quod
2206 589 2267 645 ni

90 683 211 734 esset
255 675 609 748 patefactum
662 677 835 749 paulo
878 676 1081 749 citius,
1144 690 1315 747 quam
1361 676 1571 733 vellem
1591 670 1672 754 ²),
1732 693 1846 733 non
1899 677 1983 734 illi
2032 674 2265 749 quidem

89 771 235 823 morte
299 765 645 822 mercenarii
710 765 797 822 sui
863 763 1184 822 transferre
1251 764 1574 836 potuissent
1646 763 1923 821 invidiam
1995 766 2057 821 in
2123 781 2264 836 quos

12 897 17 910 .
86 853 353 927 putabant,
414 852 519 911 sed
564 853 922 910 acerbissimi
978 851 1216 910 sceleris
1265 849 1562 908 infamiam
1617 856 1784 924 grato
1838 853 2081 923 quodam
2141 868 2267 910 sce-

14 925 21 976 ¹
85 941 179 997 lere
233 941 586 1000 minuissent.
709 937 800 997 Ac
856 941 903 997 si
956 945 1079 997 tum
1152 939 1215 996 P.
1273 940 1525 1012 SestiuS,
1598 940 1851 1014 iudiceS,
1925 940 1987 997 in
2054 941 2267 1012 templo
2287 949 2367 1006 83

86 1026 302 1087 Castoris
360 1030 638 1102 animam,
728 1045 901 1100 quam
965 1029 1059 1084 vix
1123 1027 1398 1100 retinuit,
1494 1027 1800 1101 edidisset,
1876 1045 1991 1086 non
2066 1028 2266 1086 dubito

83 1118 212 1191 quin,
287 1118 335 1174 si
391 1118 559 1175 modo
607 1123 762 1175 esset
820 1117 882 1174 in
925 1131 991 1173 re
1036 1116 1269 1188 publica
1325 1121 1590 1188 senatuS,
1659 1116 1709 1171 si
1754 1117 2027 1174 maiestas
2070 1117 2267 1188 populi

20 1249 31 1286 ι
82 1204 290 1263 Romani
329 1206 661 1275 revixisset,
699 1204 1006 1276 aliquando
1053 1208 1246 1261 statua
1289 1203 1426 1260 huic
1469 1202 1541 1260 ob
1586 1220 1710 1261 rem
1753 1204 2042 1276 publicam
2085 1205 2267 1262 inter-

20 1289 29 1326 *
81 1291 202 1351 secto
244 1293 305 1351 in
350 1291 474 1351 foro
510 1298 882 1351 statueretur.
986 1292 1110 1351 Nec
1160 1307 1296 1349 vero
1360 1291 1588 1349 illorum
1649 1294 1970 1366 quisquam,
2032 1309 2171 1364 quos
2233 1308 2269 1349 a

20 1361 29 1384 ¹
81 1381 357 1439 maioribus
404 1382 618 1439 nostris
663 1386 847 1439 morte
880 1380 1039 1438 obita
1075 1381 1291 1452 positos
1331 1380 1393 1436 in
1434 1380 1533 1437 illo
1580 1380 1706 1437 loco
1748 1387 1923 1452 atque
1969 1383 2028 1437 in
2067 1382 2268 1438 rostris

22 1513 27 1528 .
82 1470 373 1527 conlocatos
441 1469 680 1542 videtiS,
755 1473 912 1525 esset
977 1469 1040 1526 P.
1087 1467 1275 1525 Sestio
1344 1472 1445 1524 aut
1510 1467 1831 1526 acerbitate
1901 1469 2101 1526 mortis
2169 1475 2271 1526 aut

20 1531 31 1686 j
80 1558 237 1615 animo
291 1558 353 1615 in
409 1575 536 1615 rem
595 1557 884 1629 publicam
946 1555 1418 1630 praeponendus3
1486 1558 1584 1628 qui
1652 1572 1779 1612 cum
1837 1573 2070 1614 causam
2130 1557 2269 1614 civis

20 1697 21 1702 ,
79 1645 397 1719 calamitosi,
454 1662 686 1703 causam
731 1645 901 1702 amici
952 1635 1225 1726 [causam]
1244 1636 1297 1722 ³)
1365 1644 1516 1702 bene
1563 1643 1634 1701 de
1683 1659 1748 1701 re
1779 1645 2012 1716 publica
2057 1646 2268 1718 meriti,

20 1711 29 1786 ι’
80 1750 280 1791 causam
328 1741 594 1806 senatus,
636 1748 866 1791 causam
905 1733 1141 1804 Italiae,
1182 1746 1416 1789 causam
1462 1732 1550 1788 rei
1593 1732 1860 1804 publicae
1906 1733 2268 1805 suscepisset,

79 1838 289 1895 cumque
337 1823 609 1894 auspiciis
666 1822 1048 1894 religionique
1094 1836 1307 1893 parens
1355 1820 1726 1878 obnuntiaret
1780 1819 1932 1892 quod
1985 1826 2267 1894 senserat,

18 1913 21 1938 ³
78 1909 181 1969 luce
222 1911 413 1982 palam
452 1928 488 1968 a
533 1909 773 1968 nefariis
817 1910 1076 1982 pestibus
1122 1909 1182 1965 in
1223 1908 1463 1965 deorum
1507 1907 1914 1980 hominumque
1957 1915 2268 1981 conspectu

77 2005 204 2055 esset
245 2000 470 2056 occisus
517 1998 875 2056 sanctissimo
921 1999 982 2054 in
1028 1997 1269 2069 templo,
1331 1996 1690 2054 sanctissima
1744 1997 1805 2053 in
1861 2012 2069 2065 causa,
2136 2012 2267 2053 san-

18 2105 19 2108 *
76 2086 298 2145 ctissimo
343 2088 407 2144 in
453 2086 808 2158 magistratu.
912 2086 1054 2142 Eius
1101 2086 1278 2157 igitur
1322 2084 1499 2141 vitam
1544 2086 1845 2156 quisquam
1907 2085 2268 2157 spoliandam

77 2176 403 2234 ornamentis
445 2191 573 2234 esse
620 2174 802 2248 dicet,
850 2175 1012 2232 cuius
1058 2179 1302 2231 mortem
1349 2173 1666 2231 ornandam
1711 2180 2080 2233 monumento
2122 2191 2270 2232 sem-

16 2268 17 2271 ’
80 2263 278 2334 piterno
322 2260 653 2338 putaretis?

14 2410 15 2413 ,
229 2353 566 2424 ‘HomineS,
626 2352 840 2424 inquit,
904 2351 1118 2425 emisti,
1178 2351 1454 2423 coegisti,
1515 2345 1768 2422 parasti?
1833 2380 1917 2392 —-
1989 2348 2139 2419 Quid
2185 2351 2269 2407 uti
2290 2355 2380 2421 39

14 2440 21 2517 ζ
83 2432 313 2499 faceret?
372 2444 640 2498 senatum
685 2439 1024 2498 obsideret?
1081 2440 1236 2496 cives
1281 2438 1646 2496 indemnatos
1695 2437 2058 2511 expelleret?
2119 2439 2273 2496 bona
2291 2449 2373 2506 84

82 2526 377 2602 diriperet?
424 2528 602 2586 aedes
660 2527 1044 2585 incenderet?
1103 2532 1263 2585 tecta
1311 2526 1707 2584 disturbaret?
1769 2527 1989 2599 templa
2034 2526 2274 2584 deorum

12 2652 21 2701 l
79 2616 463 2675 immortalium
508 2616 934 2673 inflammaret?
992 2615 1254 2672 tribunos
1298 2613 1489 2687 plebis
1534 2612 1690 2672 ferro
1747 2632 1778 2673 e
1825 2614 2028 2672 rostris
2073 2615 2272 2687 expel-

12 2736 19 2761 ι
77 2704 235 2764 leret?
280 2705 608 2778 provincias
650 2720 793 2776 quas
823 2704 1002 2761 vellet
1039 2703 1244 2775 quibus
1276 2702 1456 2759 vellet
1499 2701 1817 2760 venderet?
1862 2718 2032 2775 reges
2071 2702 2270 2776 appel-

12 2784 21 2823 ‘*
76 2792 237 2851 laret?
299 2810 499 2851 rerum
554 2792 888 2864 capitalium
948 2791 1358 2849 condemnatos
1423 2790 1484 2845 in
1550 2790 1768 2847 liberas
1835 2790 2098 2848 civitates
2165 2807 2273 2863 per

77 2880 276 2954 legatos
343 2886 573 2939 nostros
631 2880 987 2938 reduceret?
1060 2879 1384 2952 principem
1445 2878 1696 2935 civitatis
1760 2876 1918 2936 ferro
1979 2879 2273 2936 obsessum

76 2973 327 3028 teneret?
416 2969 582 3027 Haec
613 2974 678 3026 ut
720 2966 956 3026 efficere
1002 2972 1225 3040 posset,
1278 2983 1426 3038 quae
1472 2964 1599 3022 fieri
1639 2966 1750 3023 nisi
1791 2966 1965 3024 armis
1997 2982 2274 3039 oppressa

74 3073 125 3113 re
180 3058 415 3130 publica
469 3058 628 3115 nullo
690 3056 858 3114 modo
917 3060 1222 3129 poterant,
1290 3055 1535 3126 idcirco,
1608 3053 1813 3127 credo,
1882 3071 2113 3112 manum
2164 3054 2274 3112 sibi

75 3143 126 3202 P.
168 3147 388 3205 Sestius
437 3150 497 3203 et
544 3145 736 3217 copias
784 3144 1153 3217 comparavit..
1202 3175 1285 3184 --
1348 3141 1445 3199 ‘At
1488 3142 1738 3199 nondum
1784 3147 1912 3199 erat
1955 3149 2272 3216 maturum,

75 3234 307 3293 nondum
357 3249 456 3292 res
501 3234 630 3306 ipsa
675 3232 750 3290 ad
805 3233 929 3290 cius
985 3233 1138 3290 modi
1194 3231 1495 3305 praesidia
1537 3231 1690 3288 viros
1740 3230 1920 3288 bonos
1966 3231 2275 3304 compelle-

75 3318 188 3379 bat.'
234 3356 318 3364 —
395 3322 556 3379 Pulsi
612 3338 718 3379 nos
767 3337 1024 3394 cramuS,
1092 3336 1208 3377 non
1267 3320 1499 3377 omnino
1560 3320 1674 3376 ista
1731 3335 1904 3376 manu
1955 3319 2110 3390 sola,
2173 3320 2276 3378 sed

75 3414 252 3469 tamen
314 3427 431 3468 non
500 3410 625 3468 sine
687 3409 826 3467 ista:
896 3425 996 3466 vos
1054 3409 1219 3467 taciti
1274 3406 1627 3466 maerebatis
1645 3401 1715 3485 4).
1838 3405 2084 3481 Captum
2148 3415 2279 3466 erat
2297 3419 2379 3475 85

234 3647 286 3712 1)
352 3644 443 3699 Sic
491 3643 643 3696 codd.
698 3646 835 3712 opt.;
898 3642 1084 3711 Halm,
1144 3640 1414 3694 Eberhard
1468 3657 1531 3693 ex
1581 3639 1879 3709 Salisburg.
1936 3641 2131 3693 scitum
2181 3646 2275 3695 est.

77 3712 120 3778 2)
160 3716 306 3768 Bake
347 3714 487 3767 coni.
527 3730 692 3781 quam
730 3714 937 3766 vellent.
1151 3713 1204 3778 3)
1260 3726 1487 3764 causam
1537 3712 1688 3763 uncis
1743 3711 1930 3765 inclus,
1983 3712 2276 3766 Eberhard.

75 3785 118 3849 4)
164 3784 291 3839 Cod.
329 3785 453 3839 Par.
492 3783 767 3852 maereba,
819 3783 1030 3837 Gembl.
1081 3781 1433 3848 ntaerebatiS,
1482 3782 1642 3834 Bern.
1679 3781 2090 3846 maerebamini,
2139 3783 2277 3837 unde

77 3852 287 3908 Lambin
323 3854 711 3917 mirabamini‚
766 3854 988 3920 Madvig
1024 3852 1438 3906 miserabamini
1473 3852 1713 3905 coniecit.
