2669 4354
741 943 1535 1003 ACCVSATIONIS

520 1079 686 1160 ΙΝ
824 1078 894 1161 c,
1034 1074 1754 1196 VERREM

812 1310 819 1316 .
846 1228 1065 1283 LIBER
1107 1227 1435 1293 QVARTVS

699 1349 872 1431 DE
987 1348 1578 1433 SIGNIS.

537 1638 1226 1703 ARGVMENTVM
1303 1638 1739 1704 ZVMPTII.

78 1741 286 1796 Continet
323 1743 460 1796 liber
498 1745 722 1810 quartus
759 1742 906 1795 furta
940 1746 995 1796 et
1032 1743 1298 1796 maleficia
1324 1743 1382 1797 C.
1410 1743 1596 1796 Verris
1632 1743 1689 1795 in
1717 1742 2020 1797 auferendis
2059 1743 2250 1808 signis,

123 1814 305 1866 tabulis
364 1813 527 1880 pictis
579 1814 873 1880 ceterisque
936 1814 1264 1866 ornamentis
1313 1816 1430 1867 tota
1481 1813 1666 1866 Sicilia
1713 1814 2015 1866 commissa.
2106 1814 2253 1878 Quae

124 1900 427 1953 persequens
465 1886 646 1937 orator
682 1884 783 1935 hoc
822 1884 1006 1936 ordine
1054 1884 1254 1948 utitur,
1305 1887 1369 1936 ut
1416 1884 1646 1953 primum
1696 1885 2027 1952 privatorum
2079 1884 2253 1935 homi-

125 1970 257 2016 num,
316 1954 502 2007 deinde
557 1954 874 2022 oppidorum
934 1957 989 2005 et
1046 1954 1292 2006 fanorum
1349 1954 1765 2020 exspoliationes
1823 1956 1878 2007 et
1933 1954 2253 2020 direptiones

126 2024 366 2077 ostendat.
407 2056 474 2063 —
525 2023 728 2090 Incipit
768 2026 979 2092 propter
1019 2023 1148 2076 furti
1184 2024 1614 2093 magnitudinem
1658 2024 1727 2076 ab
1762 2024 1895 2077 Heio
1931 2024 2253 2076 Mamertino

130 2095 248 2163 (cap.
286 2094 462 2160 2—8)
488 2135 499 2155 ‚
549 2094 640 2161 qui
675 2110 793 2147 cum
849 2094 989 2145 idem
1030 2094 1276 2163 princeps
1325 2094 1619 2163 legationis
1657 2097 1803 2147 esset
1844 2111 1875 2147 a
1914 2093 2255 2147 Mamertinis

129 2164 361 2218 laudandi
399 2165 583 2219 Verris
634 2181 794 2217 causa
830 2164 1052 2217 Romam
1104 2165 1326 2223 missae.
1381 2165 1554 2218 utitur
1601 2182 1663 2218 ea
1715 2165 2115 2235 opportunitate
2139 2205 2151 2227 ,
2196 2167 2257 2216 ut

130 2252 320 2289 omnem
357 2235 507 2289 illius
544 2235 876 2288 laudationis
911 2239 1288 2288 auctoritatem
1324 2235 1592 2302 infringat
1630 2238 1766 2304 (cap.
1788 2237 2018 2303 9-11).
2055 2236 2255 2289 Cumu-

129 2305 198 2357 lat
242 2307 428 2359 deinde
474 2306 706 2359 aliorum
761 2307 1092 2373 privatorum
1148 2307 1418 2360 hominum
1473 2307 1909 2373 exspoliationes,
1973 2323 2006 2358 a
2064 2306 2257 2376 quibus

131 2374 501 2429 diversissimas
548 2392 633 2428 res
667 2379 760 2428 aut
805 2392 962 2445 opere
997 2380 1093 2429 aut
1179 2377 1316 2429 retio
1358 2377 1603 2443 insignes
1652 2378 1863 2430 ablatas
1917 2376 2070 2429 docet
2117 2378 2256 2445 (cap.

133 2445 334 2500 12--24
369 2452 399 2511 ξ
427 2448 554 2513 53),
607 2450 664 2498 et
708 2447 957 2499 insanam
996 2393 1346 2513 cupidlitatem
1387 2447 1571 2500 Verris
1621 2446 1675 2499 in'
1721 2447 2082 2517 comparanda
2136 2464 2257 2514 pre-

131 2516 255 2569 tiosa
291 2516 628 2585 supellectile
665 2515 1003 2569 demonstrat
1028 2520 1164 2584 (cap.
1195 2517 1469 2584 24—26).
1544 2518 1798 2585 Sequitur
1830 2517 2089 2570 nefarium
2127 2517 2258 2570 faci-

131 2602 239 2648 nus,
286 2588 534 2655 spoliatio
576 2586 827 2638 Antiochi
865 2588 1007 2654 regis
1047 2587 1231 2653 Syriae
1267 2603 1364 2657 per
1410 2586 1651 2639 Siciliam
1699 2586 1835 2640 forte
1875 2589 1976 2640 iter
2009 2587 2260 2639 facientis

133 2659 250 2723 (cap.
277 2658 556 2723 27—32).
606 2688 673 2695 —
755 2657 1148 2723 Transgressus
1189 2659 1254 2710 ab
1295 2673 1358 2709 ea
1390 2674 1447 2709 re
1486 2656 1553 2709 ad
1592 2657 1917 2727 direptiones
1933 2657 2163 2713 ,urbium
2206 2662 2263 2709 et

132 2728 359 2781 fanorum
408 2727 671 2785 ostendit,
737 2742 870 2794 quae
910 2728 1103 2779 Verres
1141 2743 1174 2778 a
1211 2728 1524 2793 Segesta-nis
1562 2727 1848 2781 abstulerit
1884 2730 1949 2792 (c.
1978 2726 2259 2793 33—38),

131 2811 251 2863 quae
288 2815 318 2850 a
355 2797 743 2864 Tyndaritanis
775 2798 912 2865 (cap.
943 2797 1232 2862 39—42)‚
1281 2813 1417 2865 quae
1454 2797 1522 2850 ab
1560 2798 1934 2863 Agrigentinis
1975 2800 2110 2867 (cap.
2138 2798 2259 2862 43),

130 2868 383 2921 Assorinis
422 2870 559 2935 (cap.
584 2867 655 2918 44
690 2872 718 2930 ξ
747 2868 876 2933 96),
915 2868 1179 2933 Enguinis
1220 2869 1357 2936 (cap.
1385 2867 1456 2918 44
1495 2874 1523 2931 ξ
1550 2868 1634 2920 97.
1664 2867 1790 2935 98),
1830 2868 2092 2936 quomodo
2120 2867 2262 2934 apud

131 2935 428 2992 Catinenses
487 2937 774 2990 sacrarium
830 2937 1041 2990 Cereris
1097 2938 1314 2990 violarit
1371 2941 1516 3006 (cap.
1562 2938 1688 3005 45),
1754 2939 1892 3005 apud
1949 2938 2263 2990 Melitenses

130 3006 293 3061 fanum
342 3009 570 3062 Iunonis
620 3007 871 3075 spoliarit
936 3010 1075 3075 (cap.
1115 3008 1200 3062 46.
1240 3008 1374 3074 47),
1434 3011 1500 3060 ab
1552 3009 1926 3071 Hennensibus
1979 3008 2266 3060 simulacra

132 3075 320 3133 Cereris
358 3083 414 3133 et
449 3078 718 3132 Victoriae
759 3078 1047 3131 abstulerit
1096 3080 1232 3145 (cap.
1275 3077 1564 3145 48-51)‚
1611 3079 1978 3145 imprimisque
2028 3079 2084 3130 in
2124 3076 2264 3130 dire-

132 3148 294 3212 ptione
358 3149 621 3202 maximae
681 3151 737 3200 et
797 3148 1177 3215 pulcherrimae
1241 3148 1391 3201 urbis
1460 3148 1843 3216 Syracusarum
1909 3150 2268 3201 commoratur

134 3225 253 3286 (cap.
290 3219 577 3286 52—58).
653 3219 999 3271 Demonstrat
1035 3219 1293 3286 denique,
1349 3234 1506 3286 quam
1559 3224 1613 3272 et
1658 3235 1839 3271 omnes
1877 3217 2068 3271 Graeci
2125 3219 2266 3269 cius-

133 3290 259 3343 modi
305 3291 636 3357 direptiones
690 3290 1004 3357 oppidorum
1056 3305 1217 3349 aegre
1264 3290 1443 3341 ferant
1481 3291 1630 3358 (cap.
1676 3290 1764 3343 59.
1800 3289 1898 3356 60)
1957 3294 2011 3341 et
2065 3291 2266 3356 quanto

135 3356 435 3493 Syracusani
448 3360 631 3482 fiodiO,
696 3375 815 3411 cum
870 3360 1099 3427 primum
1156 3359 1400 3421 licuerit,
1462 3363 1648 3412 contra
1700 3359 1918 3423 Verrem
1977 3359 2268 3411 exarserint

157 3443 258 3499 cap.
289 3432 353 3485 61
369 3460 437 3469 —
489 3432 586 3496 n.).

84 3614 277 3733 Venio
314 3695 466 3735 nunc
513 3676 589 3734 ad
633 3677 824 3746 istiuS,
884 3693 1055 3749 quem
1098 3676 1172 3734 ad
1219 3676 1445 3735 modum
1490 3677 1617 3751 ipse
1663 3678 1948 3751 appellat,
2004 3676 2329 3749 studium,1

82 3768 135 3817 ut
177 3768 330 3826 amici
375 3770 532 3842 eiuS‚
576 3770 838 3826 morbum
885 3774 945 3826 et
982 3769 1298 3829 insaniam.
1348 3773 1411 3826 ut
1454 3768 1661 3841 Siculi,
1706 3770 2101 3827 latrocinium:
2166 3785 2272 3841 ego
2297 3780 2328 3835 1

86 3867 184 3920 quo
233 3858 449 3914 nomine
510 3858 801 3930 appellem
855 3857 1084 3929 nescio3
1160 3874 1284 3915 rem
1346 3857 1505 3915 vobis
1562 3873 1879 3932 proponam
1889 3937 1924 3968 st
1987 3873 2086 3914 vos
2144 3872 2273 3913 eam

163 3947 246 3992 cic.
276 3952 405 3997 omtt.
438 3954 549 3997 son.
1797 3946 1874 4001 19
1902 3964 1911 3974 ·
