<?xml version="1.0" encoding="UTF-8"?>
<!DOCTYPE html PUBLIC "-//W3C//DTD XHTML 1.0 Transitional//EN"
    "http://www.w3.org/TR/xhtml1/DTD/xhtml1-transitional.dtd">
<html xmlns="http://www.w3.org/1999/xhtml" xml:lang="en" lang="en">
 <head>
  <title>
</title>
<meta http-equiv="Content-Type" content="text/html;charset=utf-8" />
  <meta name='ocr-system' content='tesseract 3.04.00' />
  <meta name='ocr-capabilities' content='ocr_page ocr_carea ocr_par ocr_line ocrx_word'/>
</head>
<body>
  <div class='ocr_page' id='page_1' title='image "./orationesselect02cicegoog/orationesselect02cicegoog_0279.png"; bbox 0 0 2669 4354; ppageno 0'>
   <div class='ocr_carea' id='block_1_1' title="bbox 912 230 2251 286">
    <p class='ocr_par' dir='ltr' id='par_1_1' title="bbox 912 230 2251 286">
     <span class='ocr_line' id='line_1_1' title="bbox 912 230 2251 286; baseline 0.005 -7"><span class='ocrx_word' id='word_1_1' title='bbox 912 241 1022 280; x_wconf 81' lang='lat' dir='ltr'><strong>PRO</strong></span> <span class='ocrx_word' id='word_1_2' title='bbox 1068 242 1118 279; x_wconf 83' lang='lat' dir='ltr'><strong>P.</strong></span> <span class='ocrx_word' id='word_1_3' title='bbox 1164 241 1381 281; x_wconf 71' lang='lat' dir='ltr'><strong>sns&#39;mo.</strong></span> <span class='ocrx_word' id='word_1_4' title='bbox 2126 230 2251 286; x_wconf 82' lang='lat'><strong>263</strong></span> 
     </span>
    </p>
   </div>
   <div class='ocr_carea' id='block_1_2' title="bbox 103 308 871 311">
    <p class='ocr_par' dir='ltr' id='par_1_2' title="bbox 103 308 871 311">
     <span class='ocr_line' id='line_1_2' title="bbox 103 308 871 311; baseline 0 0"><span class='ocrx_word' id='word_1_5' title='bbox 103 308 871 311; x_wconf 95' lang='lat' dir='ltr'><strong> </strong></span> 
     </span>
    </p>
   </div>
   <div class='ocr_carea' id='block_1_3' title="bbox 12 409 2413 3474">
    <p class='ocr_par' dir='ltr' id='par_1_3' title="bbox 74 409 2294 1277">
     <span class='ocr_line' id='line_1_3' title="bbox 81 409 2255 494; baseline 0.002 -25"><span class='ocrx_word' id='word_1_6' title='bbox 81 412 460 484; x_wconf 81' lang='lat' dir='ltr'><strong>sapientissime</strong></span> <span class='ocrx_word' id='word_1_7' title='bbox 536 413 939 486; x_wconf 80' lang='lat' dir='ltr'><strong>constitutam3</strong></span> <span class='ocrx_word' id='word_1_8' title='bbox 1015 415 1110 486; x_wconf 86' lang='lat' dir='ltr'><strong>qui</strong></span> <span class='ocrx_word' id='word_1_9' title='bbox 1180 432 1308 473; x_wconf 90' lang='lat' dir='ltr'><strong>cum</strong></span> <span class='ocrx_word' id='word_1_10' title='bbox 1376 431 1577 488; x_wconf 88' lang='lat' dir='ltr'><strong>regum</strong></span> <span class='ocrx_word' id='word_1_11' title='bbox 1603 409 1654 494; x_wconf 91' lang='lat'><strong>¹)</strong></span> <span class='ocrx_word' id='word_1_12' title='bbox 1715 420 2065 488; x_wconf 81' lang='lat' dir='ltr'><strong>potestatem</strong></span> <span class='ocrx_word' id='word_1_13' title='bbox 2141 433 2255 475; x_wconf 91' lang='lat' dir='ltr'><strong>non</strong></span> 
     </span>
     <span class='ocr_line' id='line_1_4' title="bbox 78 500 2259 575; baseline 0.003 -19"><span class='ocrx_word' id='word_1_14' title='bbox 78 500 340 573; x_wconf 89' lang='lat' dir='ltr'><strong>tulissent,</strong></span> <span class='ocrx_word' id='word_1_15' title='bbox 386 500 471 557; x_wconf 89' lang='lat' dir='ltr'><strong>ita</strong></span> <span class='ocrx_word' id='word_1_16' title='bbox 515 501 888 573; x_wconf 81' lang='lat' dir='ltr'><strong>magistratus</strong></span> <span class='ocrx_word' id='word_1_17' title='bbox 934 517 1158 561; x_wconf 89' lang='lat' dir='ltr'><strong>annuos</strong></span> <span class='ocrx_word' id='word_1_18' title='bbox 1205 509 1587 575; x_wconf 89' lang='lat' dir='ltr'><strong>creaverunt,</strong></span> <span class='ocrx_word' id='word_1_19' title='bbox 1634 508 1698 561; x_wconf 91' lang='lat' dir='ltr'><strong>ut</strong></span> <span class='ocrx_word' id='word_1_20' title='bbox 1743 503 2043 561; x_wconf 89' lang='lat' dir='ltr'><strong>consilium</strong></span> <span class='ocrx_word' id='word_1_21' title='bbox 2087 520 2259 562; x_wconf 88' lang='lat' dir='ltr'><strong>sena-</strong></span> 
     </span>
     <span class='ocr_line' id='line_1_5' title="bbox 78 588 2257 663; baseline 0.002 -19"><span class='ocrx_word' id='word_1_22' title='bbox 78 594 148 645; x_wconf 87' lang='lat' dir='ltr'><strong>tus</strong></span> <span class='ocrx_word' id='word_1_23' title='bbox 185 588 267 644; x_wconf 88' lang='lat' dir='ltr'><strong>rei</strong></span> <span class='ocrx_word' id='word_1_24' title='bbox 311 588 577 660; x_wconf 89' lang='lat' dir='ltr'><strong>publicae</strong></span> <span class='ocrx_word' id='word_1_25' title='bbox 623 594 1054 662; x_wconf 76' lang='lat' dir='ltr'><strong>praeponerent</strong></span> <span class='ocrx_word' id='word_1_26' title='bbox 1098 591 1539 663; x_wconf 89' lang='lat' dir='ltr'><strong>sempiternum,</strong></span> <span class='ocrx_word' id='word_1_27' title='bbox 1620 590 2015 662; x_wconf 86' lang='lat' dir='ltr'><strong>deligerentur</strong></span> <span class='ocrx_word' id='word_1_28' title='bbox 2060 597 2257 649; x_wconf 88' lang='lat' dir='ltr'><strong>autem</strong></span> 
     </span>
     <span class='ocr_line' id='line_1_6' title="bbox 77 674 2254 751; baseline 0.003 -20"><span class='ocrx_word' id='word_1_29' title='bbox 77 677 120 731; x_wconf 92' lang='lat' dir='ltr'><strong>in</strong></span> <span class='ocrx_word' id='word_1_30' title='bbox 157 674 209 732; x_wconf 92' lang='lat' dir='ltr'><strong>id</strong></span> <span class='ocrx_word' id='word_1_31' title='bbox 251 676 555 734; x_wconf 90' lang='lat' dir='ltr'><strong>consilium</strong></span> <span class='ocrx_word' id='word_1_32' title='bbox 591 677 664 734; x_wconf 93' lang='lat' dir='ltr'><strong>ab</strong></span> <span class='ocrx_word' id='word_1_33' title='bbox 712 677 982 738; x_wconf 81' lang='lat' dir='ltr'><strong>universo</strong></span> <span class='ocrx_word' id='word_1_34' title='bbox 1029 679 1236 750; x_wconf 90' lang='lat' dir='ltr'><strong>populo</strong></span> <span class='ocrx_word' id='word_1_35' title='bbox 1282 678 1587 751; x_wconf 84' lang='lat' dir='ltr'><strong>aditusque</strong></span> <span class='ocrx_word' id='word_1_36' title='bbox 1636 680 1694 736; x_wconf 90' lang='lat' dir='ltr'><strong>in</strong></span> <span class='ocrx_word' id='word_1_37' title='bbox 1751 678 1916 737; x_wconf 92' lang='lat' dir='ltr'><strong>illum</strong></span> <span class='ocrx_word' id='word_1_38' title='bbox 1978 696 2254 737; x_wconf 89' lang='lat' dir='ltr'><strong>summum</strong></span> 
     </span>
     <span class='ocr_line' id='line_1_7' title="bbox 77 761 2294 838; baseline 0.005 -20"><span class='ocrx_word' id='word_1_39' title='bbox 77 761 298 821; x_wconf 89' lang='lat' dir='ltr'><strong>ordinem</strong></span> <span class='ocrx_word' id='word_1_40' title='bbox 341 764 594 821; x_wconf 90' lang='lat' dir='ltr'><strong>omnium</strong></span> <span class='ocrx_word' id='word_1_41' title='bbox 641 765 850 822; x_wconf 86' lang='lat' dir='ltr'><strong>civium</strong></span> <span class='ocrx_word' id='word_1_42' title='bbox 896 765 1215 824; x_wconf 87' lang='lat' dir='ltr'><strong>industriae</strong></span> <span class='ocrx_word' id='word_1_43' title='bbox 1269 782 1338 824; x_wconf 89' lang='lat' dir='ltr'><strong>ac</strong></span> <span class='ocrx_word' id='word_1_44' title='bbox 1384 766 1585 824; x_wconf 87' lang='lat' dir='ltr'><strong>virtuti</strong></span> <span class='ocrx_word' id='word_1_45' title='bbox 1645 770 1903 838; x_wconf 89' lang='lat' dir='ltr'><strong>pateret:</strong></span> <span class='ocrx_word' id='word_1_46' title='bbox 1993 773 2258 825; x_wconf 90' lang='lat' dir='ltr'><strong>senatum</strong></span> <span class='ocrx_word' id='word_1_47' title='bbox 2291 825 2294 829; x_wconf 52' lang='lat'><strong>.</strong></span> 
     </span>
     <span class='ocr_line' id='line_1_8' title="bbox 77 851 2255 927; baseline 0.002 -21"><span class='ocrx_word' id='word_1_48' title='bbox 77 851 141 907; x_wconf 87' lang='lat' dir='ltr'><strong>rei</strong></span> <span class='ocrx_word' id='word_1_49' title='bbox 173 851 440 924; x_wconf 92' lang='lat' dir='ltr'><strong>publicae</strong></span> <span class='ocrx_word' id='word_1_50' title='bbox 484 852 805 926; x_wconf 85' lang='lat' dir='ltr'><strong>custodem,</strong></span> <span class='ocrx_word' id='word_1_51' title='bbox 851 851 1206 927; x_wconf 86' lang='lat' dir='ltr'><strong>praesidem,</strong></span> <span class='ocrx_word' id='word_1_52' title='bbox 1252 859 1742 927; x_wconf 87' lang='lat' dir='ltr'><strong>propugnatorem</strong></span> <span class='ocrx_word' id='word_1_53' title='bbox 1779 854 2255 913; x_wconf 81' lang='lat' dir='ltr'><strong>conlocaverunt:</strong></span> 
     </span>
     <span class='ocr_line' id='line_1_9' title="bbox 76 938 2257 1016; baseline 0.002 -21"><span class='ocrx_word' id='word_1_54' title='bbox 76 938 207 996; x_wconf 87' lang='lat' dir='ltr'><strong>huius</strong></span> <span class='ocrx_word' id='word_1_55' title='bbox 252 939 470 997; x_wconf 87' lang='lat' dir='ltr'><strong>ordinis</strong></span> <span class='ocrx_word' id='word_1_56' title='bbox 515 941 864 998; x_wconf 88' lang='lat' dir='ltr'><strong>auctoritate</strong></span> <span class='ocrx_word' id='word_1_57' title='bbox 911 941 994 998; x_wconf 89' lang='lat' dir='ltr'><strong>uti</strong></span> <span class='ocrx_word' id='word_1_58' title='bbox 1054 942 1428 1014; x_wconf 87' lang='lat' dir='ltr'><strong>magistratus</strong></span> <span class='ocrx_word' id='word_1_59' title='bbox 1474 946 1535 999; x_wconf 89' lang='lat' dir='ltr'><strong>et</strong></span> <span class='ocrx_word' id='word_1_60' title='bbox 1579 942 1743 1013; x_wconf 87' lang='lat' dir='ltr'><strong>quasi</strong></span> <span class='ocrx_word' id='word_1_61' title='bbox 1790 942 2082 1000; x_wconf 89' lang='lat' dir='ltr'><strong>ministros</strong></span> <span class='ocrx_word' id='word_1_62' title='bbox 2128 957 2257 1016; x_wconf 88' lang='lat' dir='ltr'><strong>gra-</strong></span> 
     </span>
     <span class='ocr_line' id='line_1_10' title="bbox 76 1024 2259 1108; baseline 0.003 -27"><span class='ocrx_word' id='word_1_63' title='bbox 76 1026 254 1084; x_wconf 87' lang='lat' dir='ltr'><strong>vissimi</strong></span> <span class='ocrx_word' id='word_1_64' title='bbox 302 1027 527 1084; x_wconf 91' lang='lat' dir='ltr'><strong>consilii</strong></span> <span class='ocrx_word' id='word_1_65' title='bbox 574 1044 702 1086; x_wconf 88' lang='lat' dir='ltr'><strong>esse</strong></span> <span class='ocrx_word' id='word_1_66' title='bbox 751 1024 1097 1105; x_wconf 89' lang='lat' dir='ltr'><strong>[voluerunt]</strong></span> <span class='ocrx_word' id='word_1_67' title='bbox 1126 1024 1206 1108; x_wconf 81' lang='lat'><strong>2):</strong></span> <span class='ocrx_word' id='word_1_68' title='bbox 1270 1034 1536 1087; x_wconf 90' lang='lat' dir='ltr'><strong>senatum</strong></span> <span class='ocrx_word' id='word_1_69' title='bbox 1581 1034 1777 1089; x_wconf 88' lang='lat' dir='ltr'><strong>autem</strong></span> <span class='ocrx_word' id='word_1_70' title='bbox 1838 1030 2024 1103; x_wconf 90' lang='lat' dir='ltr'><strong>ipsum</strong></span> <span class='ocrx_word' id='word_1_71' title='bbox 2070 1030 2259 1102; x_wconf 86' lang='lat' dir='ltr'><strong>proxi-</strong></span> 
     </span>
     <span class='ocr_line' id='line_1_11' title="bbox 74 1112 2261 1196; baseline 0.002 -25"><span class='ocrx_word' id='word_1_72' title='bbox 74 1130 261 1172; x_wconf 89' lang='lat' dir='ltr'><strong>morum</strong></span> <span class='ocrx_word' id='word_1_73' title='bbox 309 1113 576 1172; x_wconf 90' lang='lat' dir='ltr'><strong>ordinum</strong></span> <span class='ocrx_word' id='word_1_74' title='bbox 633 1115 1000 1189; x_wconf 87' lang='lat' dir='ltr'><strong>splendorem</strong></span> <span class='ocrx_word' id='word_1_75' title='bbox 1059 1116 1400 1177; x_wconf 90' lang='lat' dir='ltr'><strong>confirmare</strong></span> <span class='ocrx_word' id='word_1_76' title='bbox 1426 1112 1507 1196; x_wconf 78' lang='lat'><strong>⁸),</strong></span> <span class='ocrx_word' id='word_1_77' title='bbox 1569 1118 1758 1190; x_wconf 89' lang='lat' dir='ltr'><strong>plebis</strong></span> <span class='ocrx_word' id='word_1_78' title='bbox 1804 1118 2136 1177; x_wconf 90' lang='lat' dir='ltr'><strong>libertatem</strong></span> <span class='ocrx_word' id='word_1_79' title='bbox 2202 1122 2261 1176; x_wconf 87' lang='lat' dir='ltr'><strong>et</strong></span> 
     </span>
     <span class='ocr_line' id='line_1_12' title="bbox 75 1202 1387 1277; baseline 0.004 -18"><span class='ocrx_word' id='word_1_80' title='bbox 75 1202 340 1261; x_wconf 80' lang='lat' dir='ltr'><strong>commoda</strong></span> <span class='ocrx_word' id='word_1_81' title='bbox 382 1204 535 1260; x_wconf 89' lang='lat' dir='ltr'><strong>tueri</strong></span> <span class='ocrx_word' id='word_1_82' title='bbox 581 1209 756 1276; x_wconf 89' lang='lat' dir='ltr'><strong>atque</strong></span> <span class='ocrx_word' id='word_1_83' title='bbox 803 1220 1020 1277; x_wconf 88' lang='lat' dir='ltr'><strong>augere</strong></span> <span class='ocrx_word' id='word_1_84' title='bbox 1067 1205 1387 1265; x_wconf 87' lang='lat' dir='ltr'><strong>voluerunt.</strong></span> 
     </span>
    </p>

    <p class='ocr_par' dir='ltr' id='par_1_4' title="bbox 73 1288 2407 1627">
     <span class='ocr_line' id='line_1_13' title="bbox 214 1288 2370 1367; baseline 0.003 -20"><span class='ocrx_word' id='word_1_85' title='bbox 214 1289 380 1348; x_wconf 86' lang='lat' dir='ltr'><strong>Haec</strong></span> <span class='ocrx_word' id='word_1_86' title='bbox 422 1291 520 1363; x_wconf 91' lang='lat' dir='ltr'><strong>qui</strong></span> <span class='ocrx_word' id='word_1_87' title='bbox 565 1307 669 1362; x_wconf 90' lang='lat' dir='ltr'><strong>pro</strong></span> <span class='ocrx_word' id='word_1_88' title='bbox 713 1292 868 1350; x_wconf 86' lang='lat' dir='ltr'><strong>virili</strong></span> <span class='ocrx_word' id='word_1_89' title='bbox 912 1299 1078 1365; x_wconf 88' lang='lat' dir='ltr'><strong>parte</strong></span> <span class='ocrx_word' id='word_1_90' title='bbox 1111 1292 1463 1367; x_wconf 86' lang='lat' dir='ltr'><strong>defendunt,</strong></span> <span class='ocrx_word' id='word_1_91' title='bbox 1510 1294 1816 1367; x_wconf 83' lang='lat' dir='ltr'><strong>optimates</strong></span> <span class='ocrx_word' id='word_1_92' title='bbox 1863 1298 2027 1367; x_wconf 90' lang='lat' dir='ltr'><strong>sunt,</strong></span> <span class='ocrx_word' id='word_1_93' title='bbox 2072 1294 2261 1351; x_wconf 90' lang='lat' dir='ltr'><strong>cuius·</strong></span> <span class='ocrx_word' id='word_1_94' title='bbox 2282 1288 2370 1354; x_wconf 75' lang='lat'><strong>66</strong></span> 
     </span>
     <span class='ocr_line' id='line_1_14' title="bbox 74 1378 2407 1454; baseline 0.004 -23"><span class='ocrx_word' id='word_1_95' title='bbox 74 1392 283 1450; x_wconf 86' lang='lat' dir='ltr'><strong>cumque</strong></span> <span class='ocrx_word' id='word_1_96' title='bbox 331 1384 466 1436; x_wconf 90' lang='lat' dir='ltr'><strong>sunt</strong></span> <span class='ocrx_word' id='word_1_97' title='bbox 509 1378 751 1451; x_wconf 82' lang='lat' dir='ltr'><strong>ordinis3</strong></span> <span class='ocrx_word' id='word_1_98' title='bbox 807 1380 904 1452; x_wconf 92' lang='lat' dir='ltr'><strong>qui</strong></span> <span class='ocrx_word' id='word_1_99' title='bbox 963 1386 1158 1439; x_wconf 91' lang='lat' dir='ltr'><strong>autem</strong></span> <span class='ocrx_word' id='word_1_100' title='bbox 1203 1381 1517 1454; x_wconf 87' lang='lat' dir='ltr'><strong>praecipue</strong></span> <span class='ocrx_word' id='word_1_101' title='bbox 1564 1383 1682 1439; x_wconf 88' lang='lat' dir='ltr'><strong>suis</strong></span> <span class='ocrx_word' id='word_1_102' title='bbox 1728 1381 2050 1439; x_wconf 86' lang='lat' dir='ltr'><strong>cervicibus</strong></span> <span class='ocrx_word' id='word_1_103' title='bbox 2097 1385 2262 1438; x_wconf 79' lang='lat' dir='ltr'><strong>tanta</strong></span> <span class='ocrx_word' id='word_1_104' title='bbox 2286 1383 2407 1440; x_wconf 88' lang='grc'><strong>138</strong></span> 
     </span>
     <span class='ocr_line' id='line_1_15' title="bbox 73 1466 2263 1541; baseline 0.002 -20"><span class='ocrx_word' id='word_1_105' title='bbox 73 1466 235 1523; x_wconf 88' lang='lat' dir='ltr'><strong>munia</strong></span> <span class='ocrx_word' id='word_1_106' title='bbox 292 1470 469 1537; x_wconf 91' lang='lat' dir='ltr'><strong>atque</strong></span> <span class='ocrx_word' id='word_1_107' title='bbox 528 1483 654 1525; x_wconf 93' lang='lat' dir='ltr'><strong>rem</strong></span> <span class='ocrx_word' id='word_1_108' title='bbox 713 1466 1000 1539; x_wconf 88' lang='lat' dir='ltr'><strong>publicam</strong></span> <span class='ocrx_word' id='word_1_109' title='bbox 1064 1469 1377 1541; x_wconf 90' lang='lat' dir='ltr'><strong>sustinent,</strong></span> <span class='ocrx_word' id='word_1_110' title='bbox 1447 1469 1507 1526; x_wconf 89' lang='lat' dir='ltr'><strong>hi</strong></span> <span class='ocrx_word' id='word_1_111' title='bbox 1567 1485 1798 1541; x_wconf 90' lang='lat' dir='ltr'><strong>semper</strong></span> <span class='ocrx_word' id='word_1_112' title='bbox 1871 1468 2054 1527; x_wconf 87' lang='lat' dir='ltr'><strong>habiti</strong></span> <span class='ocrx_word' id='word_1_113' title='bbox 2128 1478 2263 1527; x_wconf 91' lang='lat' dir='ltr'><strong>sunt</strong></span> 
     </span>
     <span class='ocr_line' id='line_1_16' title="bbox 73 1553 2263 1627; baseline 0.003 -20"><span class='ocrx_word' id='word_1_114' title='bbox 73 1553 404 1623; x_wconf 88' lang='lat' dir='ltr'><strong>optimatium</strong></span> <span class='ocrx_word' id='word_1_115' title='bbox 461 1554 779 1627; x_wconf 89' lang='lat' dir='ltr'><strong>principes,</strong></span> <span class='ocrx_word' id='word_1_116' title='bbox 837 1561 1105 1614; x_wconf 88' lang='lat' dir='ltr'><strong>auctores</strong></span> <span class='ocrx_word' id='word_1_117' title='bbox 1149 1562 1210 1614; x_wconf 92' lang='lat' dir='ltr'><strong>et</strong></span> <span class='ocrx_word' id='word_1_118' title='bbox 1256 1562 1689 1614; x_wconf 86' lang='lat' dir='ltr'><strong>conservatores</strong></span> <span class='ocrx_word' id='word_1_119' title='bbox 1735 1557 2001 1614; x_wconf 88' lang='lat' dir='ltr'><strong>civitatis.</strong></span> <span class='ocrx_word' id='word_1_120' title='bbox 2110 1555 2263 1613; x_wconf 90' lang='lat' dir='ltr'><strong>Huic</strong></span> 
     </span>
    </p>

    <p class='ocr_par' dir='ltr' id='par_1_5' title="bbox 12 1638 2413 3474">
     <span class='ocr_line' id='line_1_17' title="bbox 16 1638 2263 1734; baseline 0.003 -40"><span class='ocrx_word' id='word_1_121' title='bbox 16 1691 27 1734; x_wconf 73' lang='lat' dir='ltr'><strong>t</strong></span> <span class='ocrx_word' id='word_1_122' title='bbox 72 1638 331 1700; x_wconf 91' lang='lat' dir='ltr'><strong>hominum</strong></span> <span class='ocrx_word' id='word_1_123' title='bbox 383 1641 585 1712; x_wconf 89' lang='lat' dir='ltr'><strong>generi</strong></span> <span class='ocrx_word' id='word_1_124' title='bbox 632 1640 850 1715; x_wconf 86' lang='lat' dir='ltr'><strong>fateor,</strong></span> <span class='ocrx_word' id='word_1_125' title='bbox 920 1648 984 1701; x_wconf 92' lang='lat' dir='ltr'><strong>ut</strong></span> <span class='ocrx_word' id='word_1_126' title='bbox 1029 1649 1164 1702; x_wconf 90' lang='lat' dir='ltr'><strong>ante</strong></span> <span class='ocrx_word' id='word_1_127' title='bbox 1212 1644 1365 1718; x_wconf 86' lang='lat' dir='ltr'><strong>dixi,</strong></span> <span class='ocrx_word' id='word_1_128' title='bbox 1428 1644 1637 1702; x_wconf 91' lang='lat' dir='ltr'><strong>multos</strong></span> <span class='ocrx_word' id='word_1_129' title='bbox 1684 1643 2048 1702; x_wconf 85' lang='lat' dir='ltr'><strong>adversarios</strong></span> <span class='ocrx_word' id='word_1_130' title='bbox 2067 1688 2081 1716; x_wconf 93' lang='lat'><strong>,</strong></span> <span class='ocrx_word' id='word_1_131' title='bbox 2152 1644 2263 1700; x_wconf 93' lang='lat' dir='ltr'><strong>ini-</strong></span> 
     </span>
     <span class='ocr_line' id='line_1_18' title="bbox 16 1728 2264 1804; baseline 0.001 -19"><span class='ocrx_word' id='word_1_132' title='bbox 16 1739 25 1802; x_wconf 63' lang='grc' dir='ltr'><em>ξ</em></span> <span class='ocrx_word' id='word_1_133' title='bbox 71 1728 216 1786; x_wconf 89' lang='lat' dir='ltr'><strong>micos</strong></span> <span class='ocrx_word' id='word_1_134' title='bbox 235 1774 250 1801; x_wconf 92' lang='lat'><strong>,</strong></span> <span class='ocrx_word' id='word_1_135' title='bbox 299 1728 519 1786; x_wconf 88' lang='lat' dir='ltr'><strong>invidos</strong></span> <span class='ocrx_word' id='word_1_136' title='bbox 563 1745 722 1803; x_wconf 88' lang='lat' dir='ltr'><strong>esse,</strong></span> <span class='ocrx_word' id='word_1_137' title='bbox 768 1732 950 1788; x_wconf 91' lang='lat' dir='ltr'><strong>multa</strong></span> <span class='ocrx_word' id='word_1_138' title='bbox 988 1734 1231 1804; x_wconf 90' lang='lat' dir='ltr'><strong>proponi</strong></span> <span class='ocrx_word' id='word_1_139' title='bbox 1275 1731 1534 1804; x_wconf 89' lang='lat' dir='ltr'><strong>pericula</strong></span> <span class='ocrx_word' id='word_1_140' title='bbox 1552 1774 1567 1799; x_wconf 93' lang='lat'><strong>,</strong></span> <span class='ocrx_word' id='word_1_141' title='bbox 1614 1731 1823 1789; x_wconf 88' lang='lat' dir='ltr'><strong>multas</strong></span> <span class='ocrx_word' id='word_1_142' title='bbox 1868 1729 2073 1790; x_wconf 85' lang='lat' dir='ltr'><strong>inferri</strong></span> <span class='ocrx_word' id='word_1_143' title='bbox 2114 1730 2264 1788; x_wconf 92' lang='lat' dir='ltr'><strong>iniu-</strong></span> 
     </span>
     <span class='ocr_line' id='line_1_19' title="bbox 18 1812 2263 1896; baseline 0.001 -25"><span class='ocrx_word' id='word_1_144' title='bbox 18 1865 27 1892; x_wconf 36' lang='grc' dir='ltr'><strong>ἶ</strong></span> <span class='ocrx_word' id='word_1_145' title='bbox 71 1816 162 1873; x_wconf 85' lang='lat' dir='ltr'><strong>rias</strong></span> <span class='ocrx_word' id='word_1_146' title='bbox 179 1812 265 1896; x_wconf 76' lang='lat'><strong>⁴),</strong></span> <span class='ocrx_word' id='word_1_147' title='bbox 319 1833 557 1890; x_wconf 90' lang='lat' dir='ltr'><strong>magnos</strong></span> <span class='ocrx_word' id='word_1_148' title='bbox 603 1833 730 1876; x_wconf 90' lang='lat' dir='ltr'><strong>esse</strong></span> <span class='ocrx_word' id='word_1_149' title='bbox 763 1819 1147 1891; x_wconf 84' lang='lat' dir='ltr'><strong>experiundos</strong></span> <span class='ocrx_word' id='word_1_150' title='bbox 1195 1825 1256 1877; x_wconf 90' lang='lat' dir='ltr'><strong>et</strong></span> <span class='ocrx_word' id='word_1_151' title='bbox 1299 1818 1626 1877; x_wconf 89' lang='lat' dir='ltr'><strong>subeundos</strong></span> <span class='ocrx_word' id='word_1_152' title='bbox 1671 1819 1926 1877; x_wconf 87' lang='lat' dir='ltr'><strong>labores:</strong></span> <span class='ocrx_word' id='word_1_153' title='bbox 1975 1817 2077 1876; x_wconf 90' lang='lat' dir='ltr'><strong>sed</strong></span> <span class='ocrx_word' id='word_1_154' title='bbox 2124 1818 2263 1875; x_wconf 88' lang='lat' dir='ltr'><strong>mihi</strong></span> 
     </span>
     <span class='ocr_line' id='line_1_20' title="bbox 16 1906 2262 1990; baseline 0.001 -30"><span class='ocrx_word' id='word_1_155' title='bbox 16 1935 25 1990; x_wconf 75' lang='lat'><strong>³.</strong></span> <span class='ocrx_word' id='word_1_156' title='bbox 71 1906 226 1962; x_wconf 87' lang='lat' dir='ltr'><strong>omnis</strong></span> <span class='ocrx_word' id='word_1_157' title='bbox 274 1906 460 1962; x_wconf 91' lang='lat' dir='ltr'><strong>oratio</strong></span> <span class='ocrx_word' id='word_1_158' title='bbox 508 1910 598 1962; x_wconf 92' lang='lat' dir='ltr'><strong>est</strong></span> <span class='ocrx_word' id='word_1_159' title='bbox 657 1922 784 1963; x_wconf 91' lang='lat' dir='ltr'><strong>cum</strong></span> <span class='ocrx_word' id='word_1_160' title='bbox 830 1907 1069 1980; x_wconf 87' lang='lat' dir='ltr'><strong>virtute,</strong></span> <span class='ocrx_word' id='word_1_161' title='bbox 1132 1924 1246 1965; x_wconf 90' lang='lat' dir='ltr'><strong>non</strong></span> <span class='ocrx_word' id='word_1_162' title='bbox 1292 1924 1421 1966; x_wconf 92' lang='lat' dir='ltr'><strong>cum</strong></span> <span class='ocrx_word' id='word_1_163' title='bbox 1468 1907 1722 1980; x_wconf 90' lang='lat' dir='ltr'><strong>desidia,</strong></span> <span class='ocrx_word' id='word_1_164' title='bbox 1783 1923 1912 1964; x_wconf 90' lang='lat' dir='ltr'><strong>cum</strong></span> <span class='ocrx_word' id='word_1_165' title='bbox 1965 1906 2262 1979; x_wconf 88' lang='lat' dir='ltr'><strong>dignitate,</strong></span> 
     </span>
     <span class='ocr_line' id='line_1_21' title="bbox 16 1992 2264 2069; baseline 0.001 -21"><span class='ocrx_word' id='word_1_166' title='bbox 16 1993 25 2054; x_wconf 68' lang='lat' dir='ltr'><strong>i</strong></span> <span class='ocrx_word' id='word_1_167' title='bbox 75 2007 165 2049; x_wconf 89' lang='lat' dir='ltr'><strong>non</strong></span> <span class='ocrx_word' id='word_1_168' title='bbox 211 2009 341 2049; x_wconf 91' lang='lat' dir='ltr'><strong>cum</strong></span> <span class='ocrx_word' id='word_1_169' title='bbox 387 1993 679 2065; x_wconf 88' lang='lat' dir='ltr'><strong>voluptate</strong></span> <span class='ocrx_word' id='word_1_170' title='bbox 698 2038 713 2066; x_wconf 89' lang='lat'><strong>,</strong></span> <span class='ocrx_word' id='word_1_171' title='bbox 772 2010 901 2051; x_wconf 91' lang='lat' dir='ltr'><strong>cum</strong></span> <span class='ocrx_word' id='word_1_172' title='bbox 948 1995 1063 2067; x_wconf 78' lang='lat' dir='ltr'><strong>eiS,</strong></span> <span class='ocrx_word' id='word_1_173' title='bbox 1125 1996 1223 2067; x_wconf 92' lang='lat' dir='ltr'><strong>qui</strong></span> <span class='ocrx_word' id='word_1_174' title='bbox 1269 2012 1332 2053; x_wconf 90' lang='lat' dir='ltr'><strong>se</strong></span> <span class='ocrx_word' id='word_1_175' title='bbox 1379 1995 1633 2069; x_wconf 89' lang='lat' dir='ltr'><strong>patriae,</strong></span> <span class='ocrx_word' id='word_1_176' title='bbox 1699 1996 1796 2067; x_wconf 89' lang='lat' dir='ltr'><strong>qui</strong></span> <span class='ocrx_word' id='word_1_177' title='bbox 1855 1995 1972 2051; x_wconf 90' lang='lat' dir='ltr'><strong>suis</strong></span> <span class='ocrx_word' id='word_1_178' title='bbox 2028 1992 2264 2065; x_wconf 89' lang='lat' dir='ltr'><strong>civibus,</strong></span> 
     </span>
     <span class='ocr_line' id='line_1_22' title="bbox 14 2057 2266 2183; baseline 0.001 -48"><span class='ocrx_word' id='word_1_179' title='bbox 14 2057 25 2183; x_wconf 52' lang='grc' dir='ltr'>ἔ</span> <span class='ocrx_word' id='word_1_180' title='bbox 74 2080 152 2149; x_wconf 88' lang='lat' dir='ltr'><strong>qui</strong></span> <span class='ocrx_word' id='word_1_181' title='bbox 195 2081 379 2153; x_wconf 89' lang='lat' dir='ltr'><strong>laudi,</strong></span> <span class='ocrx_word' id='word_1_182' title='bbox 439 2080 536 2152; x_wconf 90' lang='lat' dir='ltr'><strong>qui</strong></span> <span class='ocrx_word' id='word_1_183' title='bbox 587 2081 834 2154; x_wconf 87' lang='lat' dir='ltr'><strong>gloriae,</strong></span> <span class='ocrx_word' id='word_1_184' title='bbox 891 2097 1005 2139; x_wconf 92' lang='lat' dir='ltr'><strong>non</strong></span> <span class='ocrx_word' id='word_1_185' title='bbox 1056 2083 1153 2154; x_wconf 92' lang='lat' dir='ltr'><strong>qui</strong></span> <span class='ocrx_word' id='word_1_186' title='bbox 1209 2099 1409 2141; x_wconf 85' lang='lat' dir='ltr'><strong>somno</strong></span> <span class='ocrx_word' id='word_1_187' title='bbox 1458 2088 1518 2141; x_wconf 92' lang='lat' dir='ltr'><strong>et</strong></span> <span class='ocrx_word' id='word_1_188' title='bbox 1562 2082 1838 2141; x_wconf 87' lang='lat' dir='ltr'><strong>conviviis</strong></span> <span class='ocrx_word' id='word_1_189' title='bbox 1898 2088 1957 2139; x_wconf 93' lang='lat' dir='ltr'><strong>et</strong></span> <span class='ocrx_word' id='word_1_190' title='bbox 2009 2080 2266 2140; x_wconf 88' lang='lat' dir='ltr'><strong>delecta-</strong></span> 
     </span>
     <span class='ocr_line' id='line_1_23' title="bbox 14 2166 2264 2244; baseline 0.002 -21"><span class='ocrx_word' id='word_1_191' title='bbox 14 2188 23 2215; x_wconf 64' lang='grc' dir='ltr'>ι</span> <span class='ocrx_word' id='word_1_192' title='bbox 76 2166 191 2225; x_wconf 88' lang='lat' dir='ltr'><strong>tioni</strong></span> <span class='ocrx_word' id='word_1_193' title='bbox 233 2174 404 2227; x_wconf 90' lang='lat' dir='ltr'><strong>natos</strong></span> <span class='ocrx_word' id='word_1_194' title='bbox 451 2168 818 2228; x_wconf 87' lang='lat' dir='ltr'><strong>arbitrantur.</strong></span> <span class='ocrx_word' id='word_1_195' title='bbox 909 2170 1059 2228; x_wconf 89' lang='lat' dir='ltr'><strong>Nam</strong></span> <span class='ocrx_word' id='word_1_196' title='bbox 1105 2171 1151 2228; x_wconf 91' lang='lat' dir='ltr'><strong>si</strong></span> <span class='ocrx_word' id='word_1_197' title='bbox 1197 2171 1293 2243; x_wconf 93' lang='lat' dir='ltr'><strong>qui</strong></span> <span class='ocrx_word' id='word_1_198' title='bbox 1336 2170 1724 2244; x_wconf 89' lang='lat' dir='ltr'><strong>voluptatibus</strong></span> <span class='ocrx_word' id='word_1_199' title='bbox 1771 2171 2058 2230; x_wconf 87' lang='lat' dir='ltr'><strong>ducuntur</strong></span> <span class='ocrx_word' id='word_1_200' title='bbox 2095 2174 2154 2227; x_wconf 91' lang='lat' dir='ltr'><strong>et</strong></span> <span class='ocrx_word' id='word_1_201' title='bbox 2201 2186 2264 2227; x_wconf 92' lang='lat' dir='ltr'><strong>se</strong></span> 
     </span>
     <span class='ocr_line' id='line_1_24' title="bbox 12 2244 2266 2333; baseline 0.002 -23"><span class='ocrx_word' id='word_1_202' title='bbox 12 2244 23 2333; x_wconf 70' lang='grc' dir='ltr'><em>ξ</em></span> <span class='ocrx_word' id='word_1_203' title='bbox 79 2255 320 2314; x_wconf 85' lang='lat' dir='ltr'><strong>vitiorum</strong></span> <span class='ocrx_word' id='word_1_204' title='bbox 365 2256 678 2315; x_wconf 89' lang='lat' dir='ltr'><strong>inlecebris</strong></span> <span class='ocrx_word' id='word_1_205' title='bbox 725 2263 785 2316; x_wconf 91' lang='lat' dir='ltr'><strong>et</strong></span> <span class='ocrx_word' id='word_1_206' title='bbox 831 2259 1232 2331; x_wconf 85' lang='lat' dir='ltr'><strong>cupiditatium</strong></span> <span class='ocrx_word' id='word_1_207' title='bbox 1282 2259 1587 2318; x_wconf 92' lang='lat' dir='ltr'><strong>lenociniis</strong></span> <span class='ocrx_word' id='word_1_208' title='bbox 1632 2258 2006 2330; x_wconf 87' lang='lat' dir='ltr'><strong>dediderunt,</strong></span> <span class='ocrx_word' id='word_1_209' title='bbox 2065 2258 2266 2315; x_wconf 89' lang='lat' dir='ltr'><strong>missos</strong></span> 
     </span>
     <span class='ocr_line' id='line_1_25' title="bbox 80 2341 2268 2421; baseline 0.001 -22"><span class='ocrx_word' id='word_1_210' title='bbox 80 2341 266 2402; x_wconf 85' lang='lat' dir='ltr'><strong>faciant</strong></span> <span class='ocrx_word' id='word_1_211' title='bbox 319 2346 600 2418; x_wconf 82' lang='lat' dir='ltr'><strong>honoreS,</strong></span> <span class='ocrx_word' id='word_1_212' title='bbox 661 2362 735 2402; x_wconf 90' lang='lat' dir='ltr'><strong>nc</strong></span> <span class='ocrx_word' id='word_1_213' title='bbox 783 2346 1072 2419; x_wconf 90' lang='lat' dir='ltr'><strong>attingant</strong></span> <span class='ocrx_word' id='word_1_214' title='bbox 1126 2364 1248 2404; x_wconf 87' lang='lat' dir='ltr'><strong>rem</strong></span> <span class='ocrx_word' id='word_1_215' title='bbox 1293 2347 1616 2421; x_wconf 90' lang='lat' dir='ltr'><strong>publicam,</strong></span> <span class='ocrx_word' id='word_1_216' title='bbox 1678 2346 1974 2420; x_wconf 88' lang='lat' dir='ltr'><strong>patiantur</strong></span> <span class='ocrx_word' id='word_1_217' title='bbox 2018 2346 2268 2403; x_wconf 87' lang='lat' dir='ltr'><strong>virorum</strong></span> 
     </span>
     <span class='ocr_line' id='line_1_26' title="bbox 79 2427 2413 2506; baseline 0.003 -21"><span class='ocrx_word' id='word_1_218' title='bbox 79 2427 283 2490; x_wconf 84' lang='lat' dir='ltr'><strong>fortium</strong></span> <span class='ocrx_word' id='word_1_219' title='bbox 338 2433 539 2491; x_wconf 91' lang='lat' dir='ltr'><strong>labore</strong></span> <span class='ocrx_word' id='word_1_220' title='bbox 597 2449 660 2489; x_wconf 89' lang='lat' dir='ltr'><strong>se</strong></span> <span class='ocrx_word' id='word_1_221' title='bbox 713 2434 831 2492; x_wconf 92' lang='lat' dir='ltr'><strong>otio</strong></span> <span class='ocrx_word' id='word_1_222' title='bbox 877 2451 980 2491; x_wconf 91' lang='lat' dir='ltr'><strong>suo</strong></span> <span class='ocrx_word' id='word_1_223' title='bbox 1038 2434 1275 2506; x_wconf 88' lang='lat' dir='ltr'><strong>perfrui.</strong></span> <span class='ocrx_word' id='word_1_224' title='bbox 1376 2434 1484 2506; x_wconf 81' lang='lat' dir='ltr'><strong>Qui</strong></span> <span class='ocrx_word' id='word_1_225' title='bbox 1542 2440 1733 2493; x_wconf 90' lang='lat' dir='ltr'><strong>autem</strong></span> <span class='ocrx_word' id='word_1_226' title='bbox 1788 2434 1997 2492; x_wconf 88' lang='lat' dir='ltr'><strong>bonam</strong></span> <span class='ocrx_word' id='word_1_227' title='bbox 2056 2431 2268 2491; x_wconf 89' lang='lat' dir='ltr'><strong>famam</strong></span> <span class='ocrx_word' id='word_1_228' title='bbox 2293 2436 2413 2493; x_wconf 88' lang='lat'><strong>139</strong></span> 
     </span>
     <span class='ocr_line' id='line_1_27' title="bbox 77 2518 2269 2595; baseline 0.001 -21"><span class='ocrx_word' id='word_1_229' title='bbox 77 2518 359 2594; x_wconf 90' lang='lat' dir='ltr'><strong>bonorum,</strong></span> <span class='ocrx_word' id='word_1_230' title='bbox 407 2537 559 2592; x_wconf 89' lang='lat' dir='ltr'><strong>quae</strong></span> <span class='ocrx_word' id='word_1_231' title='bbox 606 2522 728 2579; x_wconf 88' lang='lat' dir='ltr'><strong>sola</strong></span> <span class='ocrx_word' id='word_1_232' title='bbox 774 2539 910 2580; x_wconf 91' lang='lat' dir='ltr'><strong>vere</strong></span> <span class='ocrx_word' id='word_1_233' title='bbox 958 2522 1144 2593; x_wconf 91' lang='lat' dir='ltr'><strong>gloria</strong></span> <span class='ocrx_word' id='word_1_234' title='bbox 1189 2523 1473 2580; x_wconf 89' lang='lat' dir='ltr'><strong>nominari</strong></span> <span class='ocrx_word' id='word_1_235' title='bbox 1516 2527 1739 2595; x_wconf 90' lang='lat' dir='ltr'><strong>potest,</strong></span> <span class='ocrx_word' id='word_1_236' title='bbox 1787 2527 2093 2594; x_wconf 86' lang='lat' dir='ltr'><strong>expetunt,</strong></span> <span class='ocrx_word' id='word_1_237' title='bbox 2139 2521 2269 2578; x_wconf 89' lang='lat' dir='ltr'><strong>aliis</strong></span> 
     </span>
     <span class='ocr_line' id='line_1_28' title="bbox 77 2601 2270 2683; baseline 0.001 -22"><span class='ocrx_word' id='word_1_238' title='bbox 77 2607 232 2666; x_wconf 90' lang='lat' dir='ltr'><strong>otium</strong></span> <span class='ocrx_word' id='word_1_239' title='bbox 277 2624 564 2681; x_wconf 87' lang='lat' dir='ltr'><strong>quaerere</strong></span> <span class='ocrx_word' id='word_1_240' title='bbox 618 2608 834 2668; x_wconf 91' lang='lat' dir='ltr'><strong>debent</strong></span> <span class='ocrx_word' id='word_1_241' title='bbox 889 2614 949 2667; x_wconf 92' lang='lat' dir='ltr'><strong>et</strong></span> <span class='ocrx_word' id='word_1_242' title='bbox 992 2601 1353 2683; x_wconf 81' lang='lat' dir='ltr'><strong>voluptateS,</strong></span> <span class='ocrx_word' id='word_1_243' title='bbox 1413 2627 1529 2668; x_wconf 91' lang='lat' dir='ltr'><strong>non</strong></span> <span class='ocrx_word' id='word_1_244' title='bbox 1576 2610 1701 2668; x_wconf 91' lang='lat' dir='ltr'><strong>sibi.</strong></span> <span class='ocrx_word' id='word_1_245' title='bbox 1808 2608 2139 2668; x_wconf 88' lang='lat' dir='ltr'><strong>Sudandum</strong></span> <span class='ocrx_word' id='word_1_246' title='bbox 2183 2614 2270 2665; x_wconf 88' lang='lat' dir='ltr'><strong>est</strong></span> 
     </span>
     <span class='ocr_line' id='line_1_29' title="bbox 12 2658 2268 2783; baseline 0.001 -33"><span class='ocrx_word' id='word_1_247' title='bbox 12 2658 23 2783; x_wconf 65' lang='grc' dir='ltr'>Ξ</span> <span class='ocrx_word' id='word_1_248' title='bbox 77 2694 145 2751; x_wconf 89' lang='lat' dir='ltr'><strong>eis</strong></span> <span class='ocrx_word' id='word_1_249' title='bbox 185 2713 287 2768; x_wconf 91' lang='lat' dir='ltr'><strong>pro</strong></span> <span class='ocrx_word' id='word_1_250' title='bbox 333 2697 726 2755; x_wconf 88' lang='lat' dir='ltr'><strong>communibus</strong></span> <span class='ocrx_word' id='word_1_251' title='bbox 769 2698 1108 2771; x_wconf 83' lang='lat' dir='ltr'><strong>commodiS,</strong></span> <span class='ocrx_word' id='word_1_252' title='bbox 1164 2697 1464 2756; x_wconf 86' lang='lat' dir='ltr'><strong>adeundae</strong></span> <span class='ocrx_word' id='word_1_253' title='bbox 1511 2697 1877 2769; x_wconf 89' lang='lat' dir='ltr'><strong>inimicitiae,</strong></span> <span class='ocrx_word' id='word_1_254' title='bbox 1936 2695 2268 2755; x_wconf 89' lang='lat' dir='ltr'><strong>subeundae</strong></span> 
     </span>
     <span class='ocr_line' id='line_1_30' title="bbox 14 2784 2270 2858; baseline 0.002 -22"><span class='ocrx_word' id='word_1_255' title='bbox 14 2788 23 2837; x_wconf 76' lang='lat'>1</span> <span class='ocrx_word' id='word_1_256' title='bbox 77 2798 234 2856; x_wconf 86' lang='lat' dir='ltr'><strong>saepe</strong></span> <span class='ocrx_word' id='word_1_257' title='bbox 279 2801 386 2857; x_wconf 89' lang='lat' dir='ltr'><strong>pro</strong></span> <span class='ocrx_word' id='word_1_258' title='bbox 429 2801 496 2843; x_wconf 94' lang='lat' dir='ltr'><strong>re</strong></span> <span class='ocrx_word' id='word_1_259' title='bbox 542 2784 773 2857; x_wconf 86' lang='lat' dir='ltr'><strong>publica</strong></span> <span class='ocrx_word' id='word_1_260' title='bbox 811 2791 1218 2858; x_wconf 81' lang='lat' dir='ltr'><strong>tempestateS,</strong></span> <span class='ocrx_word' id='word_1_261' title='bbox 1264 2802 1391 2843; x_wconf 92' lang='lat' dir='ltr'><strong>cum</strong></span> <span class='ocrx_word' id='word_1_262' title='bbox 1437 2785 1629 2843; x_wconf 89' lang='lat' dir='ltr'><strong>multis</strong></span> <span class='ocrx_word' id='word_1_263' title='bbox 1676 2784 2019 2858; x_wconf 82' lang='lat' dir='ltr'><strong>audacibuS,</strong></span> <span class='ocrx_word' id='word_1_264' title='bbox 2061 2787 2270 2857; x_wconf 86' lang='lat' dir='ltr'><strong>impro-</strong></span> 
     </span>
     <span class='ocr_line' id='line_1_31' title="bbox 75 2868 2272 2946; baseline 0 -19"><span class='ocrx_word' id='word_1_265' title='bbox 75 2868 177 2944; x_wconf 90' lang='lat' dir='ltr'><strong>bis,</strong></span> <span class='ocrx_word' id='word_1_266' title='bbox 239 2889 354 2931; x_wconf 90' lang='lat' dir='ltr'><strong>non</strong></span> <span class='ocrx_word' id='word_1_267' title='bbox 397 2889 707 2944; x_wconf 88' lang='lat' dir='ltr'><strong>numquam</strong></span> <span class='ocrx_word' id='word_1_268' title='bbox 749 2874 924 2931; x_wconf 89' lang='lat' dir='ltr'><strong>etiam</strong></span> <span class='ocrx_word' id='word_1_269' title='bbox 979 2874 1314 2946; x_wconf 89' lang='lat' dir='ltr'><strong>potentibus</strong></span> <span class='ocrx_word' id='word_1_270' title='bbox 1376 2873 1779 2932; x_wconf 91' lang='lat' dir='ltr'><strong>dimicandum.</strong></span> <span class='ocrx_word' id='word_1_271' title='bbox 1886 2872 2050 2931; x_wconf 90' lang='lat' dir='ltr'><strong>Haec</strong></span> <span class='ocrx_word' id='word_1_272' title='bbox 2110 2871 2272 2929; x_wconf 90' lang='lat' dir='ltr'><strong>audi-</strong></span> 
     </span>
     <span class='ocr_line' id='line_1_32' title="bbox 76 2959 2276 3032; baseline -0 -16"><span class='ocrx_word' id='word_1_273' title='bbox 76 2959 243 3017; x_wconf 88' lang='lat' dir='ltr'><strong>vimus</strong></span> <span class='ocrx_word' id='word_1_274' title='bbox 286 2960 358 3018; x_wconf 90' lang='lat' dir='ltr'><strong>de</strong></span> <span class='ocrx_word' id='word_1_275' title='bbox 408 2961 854 3019; x_wconf 89' lang='lat' dir='ltr'><strong>clarissimorum</strong></span> <span class='ocrx_word' id='word_1_276' title='bbox 912 2962 1163 3019; x_wconf 87' lang='lat' dir='ltr'><strong>virorum</strong></span> <span class='ocrx_word' id='word_1_277' title='bbox 1220 2962 1473 3021; x_wconf 89' lang='lat' dir='ltr'><strong>consiliis</strong></span> <span class='ocrx_word' id='word_1_278' title='bbox 1531 2967 1590 3019; x_wconf 90' lang='lat' dir='ltr'><strong>et</strong></span> <span class='ocrx_word' id='word_1_279' title='bbox 1642 2959 1812 3019; x_wconf 90' lang='lat' dir='ltr'><strong>factis</strong></span> <span class='ocrx_word' id='word_1_280' title='bbox 1831 3004 1846 3032; x_wconf 91' lang='lat'><strong>,</strong></span> <span class='ocrx_word' id='word_1_281' title='bbox 1901 2960 2049 3018; x_wconf 92' lang='lat' dir='ltr'><strong>haec</strong></span> <span class='ocrx_word' id='word_1_282' title='bbox 2110 2974 2276 3017; x_wconf 90' lang='lat' dir='ltr'><strong>acce-</strong></span> 
     </span>
     <span class='ocr_line' id='line_1_33' title="bbox 74 3045 2275 3122; baseline 0 -19"><span class='ocrx_word' id='word_1_283' title='bbox 74 3047 277 3121; x_wconf 87' lang='lat' dir='ltr'><strong>pimus,</strong></span> <span class='ocrx_word' id='word_1_284' title='bbox 322 3048 469 3107; x_wconf 89' lang='lat' dir='ltr'><strong>haec</strong></span> <span class='ocrx_word' id='word_1_285' title='bbox 513 3049 774 3120; x_wconf 89' lang='lat' dir='ltr'><strong>legimus.</strong></span> <span class='ocrx_word' id='word_1_286' title='bbox 865 3049 1066 3122; x_wconf 88' lang='lat' dir='ltr'><strong>Neque</strong></span> <span class='ocrx_word' id='word_1_287' title='bbox 1115 3066 1213 3108; x_wconf 89' lang='lat' dir='ltr'><strong>eos</strong></span> <span class='ocrx_word' id='word_1_288' title='bbox 1258 3050 1318 3107; x_wconf 89' lang='lat' dir='ltr'><strong>in</strong></span> <span class='ocrx_word' id='word_1_289' title='bbox 1362 3049 1533 3108; x_wconf 90' lang='lat' dir='ltr'><strong>laude</strong></span> <span class='ocrx_word' id='word_1_290' title='bbox 1580 3049 1794 3122; x_wconf 89' lang='lat' dir='ltr'><strong>positos</strong></span> <span class='ocrx_word' id='word_1_291' title='bbox 1840 3047 2131 3122; x_wconf 88' lang='lat' dir='ltr'><strong>videmus,</strong></span> <span class='ocrx_word' id='word_1_292' title='bbox 2177 3045 2275 3118; x_wconf 89' lang='lat' dir='ltr'><strong>qui</strong></span> 
     </span>
     <span class='ocr_line' id='line_1_34' title="bbox 74 3134 2279 3210; baseline 0 -19"><span class='ocrx_word' id='word_1_293' title='bbox 74 3134 377 3194; x_wconf 89' lang='lat' dir='ltr'><strong>incitarunt</strong></span> <span class='ocrx_word' id='word_1_294' title='bbox 436 3136 746 3208; x_wconf 91' lang='lat' dir='ltr'><strong>aliquando</strong></span> <span class='ocrx_word' id='word_1_295' title='bbox 797 3138 994 3210; x_wconf 91' lang='lat' dir='ltr'><strong>populi</strong></span> <span class='ocrx_word' id='word_1_296' title='bbox 1048 3138 1267 3196; x_wconf 89' lang='lat' dir='ltr'><strong>animos</strong></span> <span class='ocrx_word' id='word_1_297' title='bbox 1314 3137 1388 3195; x_wconf 88' lang='lat' dir='ltr'><strong>ad</strong></span> <span class='ocrx_word' id='word_1_298' title='bbox 1433 3137 1809 3209; x_wconf 89' lang='lat' dir='ltr'><strong>seditionem,</strong></span> <span class='ocrx_word' id='word_1_299' title='bbox 1861 3140 1965 3194; x_wconf 90' lang='lat' dir='ltr'><strong>aut</strong></span> <span class='ocrx_word' id='word_1_300' title='bbox 2009 3135 2107 3207; x_wconf 92' lang='lat' dir='ltr'><strong>qui</strong></span> <span class='ocrx_word' id='word_1_301' title='bbox 2162 3136 2279 3192; x_wconf 89' lang='lat' dir='ltr'><strong>lar-</strong></span> 
     </span>
     <span class='ocr_line' id='line_1_35' title="bbox 75 3221 2280 3299; baseline -0.001 -18"><span class='ocrx_word' id='word_1_302' title='bbox 75 3221 282 3294; x_wconf 83' lang='lat' dir='ltr'><strong>gitione</strong></span> <span class='ocrx_word' id='word_1_303' title='bbox 331 3230 648 3283; x_wconf 88' lang='lat' dir='ltr'><strong>caecarunt</strong></span> <span class='ocrx_word' id='word_1_304' title='bbox 701 3230 925 3284; x_wconf 90' lang='lat' dir='ltr'><strong>mentes</strong></span> <span class='ocrx_word' id='word_1_305' title='bbox 978 3226 1402 3299; x_wconf 87' lang='lat' dir='ltr'><strong>imperitorum,</strong></span> <span class='ocrx_word' id='word_1_306' title='bbox 1472 3231 1573 3285; x_wconf 93' lang='lat' dir='ltr'><strong>aut</strong></span> <span class='ocrx_word' id='word_1_307' title='bbox 1616 3227 1714 3298; x_wconf 91' lang='lat' dir='ltr'><strong>qui</strong></span> <span class='ocrx_word' id='word_1_308' title='bbox 1759 3223 1941 3282; x_wconf 87' lang='lat' dir='ltr'><strong>fortes</strong></span> <span class='ocrx_word' id='word_1_309' title='bbox 1987 3228 2049 3280; x_wconf 89' lang='lat' dir='ltr'><strong>et</strong></span> <span class='ocrx_word' id='word_1_310' title='bbox 2093 3225 2280 3280; x_wconf 91' lang='lat' dir='ltr'><strong>claros</strong></span> 
     </span>
     <span class='ocr_line' id='line_1_36' title="bbox 75 3312 2281 3386; baseline 0.001 -21"><span class='ocrx_word' id='word_1_311' title='bbox 75 3312 213 3370; x_wconf 83' lang='lat' dir='ltr'><strong>viros</strong></span> <span class='ocrx_word' id='word_1_312' title='bbox 262 3317 321 3370; x_wconf 93' lang='lat' dir='ltr'><strong>et</strong></span> <span class='ocrx_word' id='word_1_313' title='bbox 364 3312 516 3372; x_wconf 90' lang='lat' dir='ltr'><strong>bene</strong></span> <span class='ocrx_word' id='word_1_314' title='bbox 563 3312 635 3372; x_wconf 92' lang='lat' dir='ltr'><strong>de</strong></span> <span class='ocrx_word' id='word_1_315' title='bbox 692 3331 758 3372; x_wconf 88' lang='lat' dir='ltr'><strong>re</strong></span> <span class='ocrx_word' id='word_1_316' title='bbox 803 3313 1036 3386; x_wconf 90' lang='lat' dir='ltr'><strong>publica</strong></span> <span class='ocrx_word' id='word_1_317' title='bbox 1089 3314 1325 3372; x_wconf 90' lang='lat' dir='ltr'><strong>meritos</strong></span> <span class='ocrx_word' id='word_1_318' title='bbox 1382 3315 1445 3371; x_wconf 90' lang='lat' dir='ltr'><strong>in</strong></span> <span class='ocrx_word' id='word_1_319' title='bbox 1498 3312 1773 3371; x_wconf 89' lang='lat' dir='ltr'><strong>invidiam</strong></span> <span class='ocrx_word' id='word_1_320' title='bbox 1818 3312 2069 3384; x_wconf 88' lang='lat' dir='ltr'><strong>aliquam</strong></span> <span class='ocrx_word' id='word_1_321' title='bbox 2115 3326 2281 3368; x_wconf 92' lang='lat' dir='ltr'><strong>voca-</strong></span> 
     </span>
     <span class='ocr_line' id='line_1_37' title="bbox 76 3399 2282 3474; baseline -0 -18"><span class='ocrx_word' id='word_1_322' title='bbox 76 3406 289 3458; x_wconf 85' lang='lat' dir='ltr'><strong>verunt.</strong></span> <span class='ocrx_word' id='word_1_323' title='bbox 395 3401 584 3460; x_wconf 88' lang='lat' dir='ltr'><strong>Leves</strong></span> <span class='ocrx_word' id='word_1_324' title='bbox 633 3402 738 3459; x_wconf 90' lang='lat' dir='ltr'><strong>hos</strong></span> <span class='ocrx_word' id='word_1_325' title='bbox 784 3418 1015 3474; x_wconf 90' lang='lat' dir='ltr'><strong>semper</strong></span> <span class='ocrx_word' id='word_1_326' title='bbox 1058 3402 1241 3460; x_wconf 91' lang='lat' dir='ltr'><strong>nostri</strong></span> <span class='ocrx_word' id='word_1_327' title='bbox 1285 3401 1550 3460; x_wconf 89' lang='lat' dir='ltr'><strong>homines</strong></span> <span class='ocrx_word' id='word_1_328' title='bbox 1596 3407 1657 3460; x_wconf 90' lang='lat' dir='ltr'><strong>et</strong></span> <span class='ocrx_word' id='word_1_329' title='bbox 1701 3399 1951 3460; x_wconf 89' lang='lat' dir='ltr'><strong>audaces</strong></span> <span class='ocrx_word' id='word_1_330' title='bbox 1998 3404 2057 3457; x_wconf 91' lang='lat' dir='ltr'><strong>et</strong></span> <span class='ocrx_word' id='word_1_331' title='bbox 2101 3400 2282 3457; x_wconf 90' lang='lat' dir='ltr'><strong>malos</strong></span> 
     </span>
    </p>
   </div>
   <div class='ocr_carea' id='block_1_4' title="bbox 83 3554 483 3562">
    <p class='ocr_par' dir='ltr' id='par_1_6' title="bbox 83 3554 483 3562">
     <span class='ocr_line' id='line_1_38' title="bbox 83 3554 483 3562; baseline 0 792"><span class='ocrx_word' id='word_1_332' title='bbox 83 3554 483 3562; x_wconf 95' lang='lat' dir='ltr'><strong> </strong></span> 
     </span>
    </p>
   </div>
   <div class='ocr_carea' id='block_1_5' title="bbox 74 3632 2289 3918">
    <p class='ocr_par' dir='ltr' id='par_1_7' title="bbox 74 3632 2289 3918">
     <span class='ocr_line' id='line_1_39' title="bbox 75 3632 2285 3706; baseline -0.001 -17"><span class='ocrx_word' id='word_1_333' title='bbox 75 3640 173 3706; x_wconf 90' lang='lat' dir='ltr'><strong>opt.</strong></span> <span class='ocrx_word' id='word_1_334' title='bbox 214 3636 368 3692; x_wconf 90' lang='lat' dir='ltr'><strong>codd.</strong></span> <span class='ocrx_word' id='word_1_335' title='bbox 406 3637 567 3691; x_wconf 88' lang='lat' dir='ltr'><strong>Klotz</strong></span> <span class='ocrx_word' id='word_1_336' title='bbox 611 3640 671 3690; x_wconf 90' lang='lat' dir='ltr'><strong>et·</strong></span> <span class='ocrx_word' id='word_1_337' title='bbox 700 3637 1044 3705; x_wconf 87' lang='lat' dir='ltr'><strong>Wesenberg.</strong></span> <span class='ocrx_word' id='word_1_338' title='bbox 1190 3638 1242 3703; x_wconf 91' lang='lat'><strong>1)</strong></span> <span class='ocrx_word' id='word_1_339' title='bbox 1281 3651 1470 3704; x_wconf 78' lang='lat' dir='ltr'><strong>reyum</strong></span> <span class='ocrx_word' id='word_1_340' title='bbox 1511 3635 1665 3689; x_wconf 89' lang='lat' dir='ltr'><strong>codd.</strong></span> <span class='ocrx_word' id='word_1_341' title='bbox 1705 3652 1734 3688; x_wconf 93' lang='lat' dir='ltr'><strong>o</strong></span> <span class='ocrx_word' id='word_1_342' title='bbox 1773 3638 1841 3699; x_wconf 79' lang='lat' dir='ltr'><strong>t.;</strong></span> <span class='ocrx_word' id='word_1_343' title='bbox 1879 3635 2027 3702; x_wconf 89' lang='lat' dir='ltr'><strong>vulg.</strong></span> <span class='ocrx_word' id='word_1_344' title='bbox 2064 3632 2285 3702; x_wconf 75' lang='lat' dir='ltr'><strong>reyiam.</strong></span> 
     </span>
     <span class='ocr_line' id='line_1_40' title="bbox 76 3704 2289 3774; baseline -0.002 -13"><span class='ocrx_word' id='word_1_345' title='bbox 76 3707 121 3773; x_wconf 84' lang='grc'><strong>2)</strong></span> <span class='ocrx_word' id='word_1_346' title='bbox 156 3709 449 3762; x_wconf 76' lang='lat' dir='ltr'><strong>voluerunt</strong></span> <span class='ocrx_word' id='word_1_347' title='bbox 487 3706 773 3761; x_wconf 91' lang='lat' dir='ltr'><strong>delendum</strong></span> <span class='ocrx_word' id='word_1_348' title='bbox 817 3707 1015 3761; x_wconf 84' lang='lat' dir='ltr'><strong>statuit</strong></span> <span class='ocrx_word' id='word_1_349' title='bbox 1051 3706 1296 3761; x_wconf 87' lang='lat' dir='ltr'><strong>Dietrich</strong></span> <span class='ocrx_word' id='word_1_350' title='bbox 1340 3722 1461 3760; x_wconf 91' lang='lat' dir='ltr'><strong>ann.</strong></span> <span class='ocrx_word' id='word_1_351' title='bbox 1491 3707 1579 3774; x_wconf 89' lang='lat' dir='ltr'><strong>ph.</strong></span> <span class='ocrx_word' id='word_1_352' title='bbox 1618 3705 1720 3760; x_wconf 89' lang='lat'><strong>186</strong></span> <span class='ocrx_word' id='word_1_353' title='bbox 1830 3746 1841 3759; x_wconf 93' lang='lat'><strong>.</strong></span> <span class='ocrx_word' id='word_1_354' title='bbox 1881 3707 2000 3759; x_wconf 89' lang='lat'><strong>515.</strong></span> <span class='ocrx_word' id='word_1_355' title='bbox 2107 3706 2160 3772; x_wconf 91' lang='lat'><strong>3)</strong></span> <span class='ocrx_word' id='word_1_356' title='bbox 2201 3704 2289 3756; x_wconf 92' lang='lat' dir='ltr'><strong>Sic</strong></span> 
     </span>
     <span class='ocr_line' id='line_1_41' title="bbox 75 3724 2287 3856; baseline -0.001 -26"><span class='ocrx_word' id='word_1_357' title='bbox 75 3777 130 3831; x_wconf 88' lang='lat' dir='ltr'><strong>de</strong></span> <span class='ocrx_word' id='word_1_358' title='bbox 164 3777 331 3833; x_wconf 80' lang='lat' dir='ltr'><strong>Bakii</strong></span> <span class='ocrx_word' id='word_1_359' title='bbox 366 3779 658 3841; x_wconf 82' lang='lat' dir='ltr'><strong>sententia3</strong></span> <span class='ocrx_word' id='word_1_360' title='bbox 698 3777 848 3831; x_wconf 89' lang='lat' dir='ltr'><strong>codd.</strong></span> <span class='ocrx_word' id='word_1_361' title='bbox 889 3777 1169 3845; x_wconf 77' lang='lat' dir='ltr'><strong>splendore</strong></span> <span class='ocrx_word' id='word_1_362' title='bbox 1205 3777 1536 3842; x_wconf 72' lang='lat' dir='ltr'><strong>confirmari.</strong></span> <span class='ocrx_word' id='word_1_363' title='bbox 1676 3776 1756 3856; x_wconf 40' lang='lat'><strong>·4·)</strong></span> <span class='ocrx_word' id='word_1_364' title='bbox 1791 3724 1959 3829; x_wconf 49' lang='lat' dir='ltr'><strong>godd.</strong></span> <span class='ocrx_word' id='word_1_365' title='bbox 1998 3776 2109 3843; x_wconf 90' lang='lat' dir='ltr'><strong>opt.</strong></span> <span class='ocrx_word' id='word_1_366' title='bbox 2148 3773 2287 3827; x_wconf 76' lang='lat' dir='ltr'><strong>iwvi-</strong></span> 
     </span>
     <span class='ocr_line' id='line_1_42' title="bbox 74 3844 1940 3918; baseline -0.001 -18"><span class='ocrx_word' id='word_1_367' title='bbox 74 3848 205 3902; x_wconf 80' lang='lat' dir='ltr'><strong>dias.</strong></span> <span class='ocrx_word' id='word_1_368' title='bbox 286 3847 405 3902; x_wconf 81' lang='lat' dir='ltr'><strong>Mox</strong></span> <span class='ocrx_word' id='word_1_369' title='bbox 439 3865 483 3902; x_wconf 93' lang='lat' dir='ltr'><strong>c.</strong></span> <span class='ocrx_word' id='word_1_370' title='bbox 522 3849 643 3902; x_wconf 89' lang='lat' dir='ltr'><strong>Par.</strong></span> <span class='ocrx_word' id='word_1_371' title='bbox 683 3847 1015 3918; x_wconf 68' lang='lat' dir='ltr'><strong>expiandOS,</strong></span> <span class='ocrx_word' id='word_1_372' title='bbox 1057 3864 1222 3917; x_wconf 89' lang='lat' dir='ltr'><strong>quare</strong></span> <span class='ocrx_word' id='word_1_373' title='bbox 1258 3847 1396 3902; x_wconf 92' lang='lat' dir='ltr'><strong>Paul</strong></span> <span class='ocrx_word' id='word_1_374' title='bbox 1434 3863 1533 3903; x_wconf 89' lang='lat' dir='ltr'><strong>scr.</strong></span> <span class='ocrx_word' id='word_1_375' title='bbox 1571 3844 1940 3914; x_wconf 68' lang='lat' dir='ltr'><strong>excvqnwndos.</strong></span> 
     </span>
    </p>
   </div>
   <div class='ocr_carea' id='block_1_6' title="bbox 1726 3917 1856 4004">
    <p class='ocr_par' dir='ltr' id='par_1_8' title="bbox 1726 3917 1856 4004">
     <span class='ocr_line' id='line_1_43' title="bbox 1726 3917 1856 4004; baseline 0 -23"><span class='ocrx_word' id='word_1_376' title='bbox 1726 3917 1856 4004; x_wconf 54' lang='lat'><strong>17⁹5</strong></span> 
     </span>
    </p>
   </div>
  </div>
 </body>
</html>
