2669 4354
913 264 981 302 m
1025 263 1376 303 OAmmAM.
2131 252 2250 310 107

84 436 203 492 mani
242 452 444 494 nomen
491 435 890 509 exstinguere,
951 442 1229 509 punctum
1254 430 1303 517 ¹)
1361 437 1636 510 temporis
1695 436 1810 496 frui
1855 440 1975 496 vita
2037 443 2098 497 et
2147 439 2255 497 hoc

84 525 323 581 communi
375 524 583 596 spiritu
637 540 753 581 non
810 528 973 596 putat
1032 530 1300 596 oportere
1319 570 1334 598 ‚
1400 531 1576 598 atque
1629 526 1737 584 hoc
1795 543 1978 599 genus
2029 542 2254 598 poenae

83 627 219 682 saepe
281 613 340 669 in
422 612 715 684 improbos
776 613 932 669 cives
986 613 1048 669 in
1113 612 1222 670 hac
1289 629 1355 671 re
1421 612 1653 685 publica
1721 631 1850 671 esse
1917 619 2256 686 usurpatum

81 699 387 757 recordatur.
490 701 661 757 Alter
730 700 1019 772 intellegit
1084 705 1328 758 mortem
1387 701 1459 758 ab
1516 700 1603 758 dis
1663 701 2082 760 immortalibus
2137 718 2254 760 non

82 803 177 844 esse
220 787 484 860 supplicii
529 803 707 845 causa
761 789 1127 845 constitutam
1146 833 1162 859 ,
1220 787 1325 846 sed
1385 793 1488 846 aut
1545 791 1951 848 necessitatem
2006 795 2251 848 naturae
2339 775 2350 797 ⁰

78 878 158 930 aut
210 875 464 932 laborum
533 892 603 934 ac
668 876 1029 934 miseriarum
1099 876 1368 947 quietem.
1491 877 1696 949 Itaque
1763 894 1891 935 eam
1957 877 2252 950 sapientes

77 979 341 1035 numquam
386 964 589 1037 inviti,
633 956 815 1021 fortes
861 979 1038 1036 saepe
1088 966 1263 1021 etiam
1304 962 1575 1021 lubenter
1619 967 2042 1038 oppetiverunt.
2112 965 2252 1023 Vin-

76 1051 178 1107 cula
215 1068 345 1109 vero
395 1057 457 1109 et
499 1067 571 1108 ea
617 1052 972 1124 sempiterna
1018 1057 1178 1110 certe
1224 1050 1299 1108 ad
1341 1052 1691 1124 singularem
1747 1070 1997 1125 poenam
2043 1051 2253 1110 nefarii

74 1139 274 1196 sceleris
319 1140 564 1197 inventa
608 1144 758 1197 sunt.
833 1135 1168 1211 Municipiis
1214 1139 1510 1210 dispertiri
1555 1141 1735 1200 iubet.
1817 1140 2054 1198 Habere
2095 1141 2255 1199 vide-

72 1230 148 1281 tur
191 1227 296 1284 ista
352 1244 452 1284 res
506 1227 908 1300 iniquitatem,
980 1228 1029 1284 si
1086 1228 1379 1299 imperare
1444 1228 1620 1300 veliS,
1696 1226 2127 1302 difficultatem,
2204 1228 2256 1287 si

71 1329 270 1386 rogare,
330 1314 685 1372 decernatur
731 1320 953 1388 tamen,
1018 1316 1067 1371 si
1120 1316 1332 1387 placet.
1436 1314 1563 1388 Ego
1610 1316 1763 1373 enim
1813 1317 2118 1389 suscipiam
2178 1321 2254 1391 et,
2274 1320 2313 1377 8

73 1407 121 1456 ut
158 1419 347 1476 spero,
394 1403 721 1476 reperiam,
782 1403 879 1474 qui
923 1402 1011 1476 id,
1072 1402 1227 1473 quod
1269 1403 1473 1460 salutis
1518 1404 1768 1461 omnium
1814 1420 1991 1462 causa
2036 1409 2256 1462 statue-

71 1490 200 1564 ritis,
240 1507 354 1548 non
397 1495 605 1563 putent
623 1486 674 1569 2)
720 1507 849 1548 esse
897 1507 1036 1548 suae
1084 1490 1384 1568 dignitatis
1423 1507 1713 1549 recusare.
1801 1491 2083 1564 Adiungit
2125 1507 2257 1564 gra-

70 1593 175 1634 vem
226 1595 473 1650 poenam
533 1579 860 1651 municipiis
879 1624 894 1651 ,
959 1579 1008 1636 si
1053 1579 1179 1651 quis
1226 1593 1423 1635 eorum
1468 1579 1697 1637 vincula
1753 1580 2010 1653 ruperit3
2071 1579 2257 1638 horri-

68 1665 189 1724 biles
229 1666 517 1724 custodias
553 1666 872 1724 circumdat
916 1672 976 1723 et
1006 1666 1210 1740 dignas
1256 1665 1479 1724 scelere
1523 1667 1821 1726 hominum
1866 1668 2256 1741 perditorum3

68 1755 252 1828 sancit,
306 1773 381 1814 ne
429 1755 558 1827 quis
606 1771 801 1813 eorum
842 1770 1117 1827 poenam,
1176 1770 1315 1825 quos
1362 1754 1732 1828 condemnat,
1795 1760 1897 1812 aut
1940 1773 2046 1827 per
2089 1771 2257 1814 sena-

68 1850 167 1898 tum
208 1849 305 1901 aut
363 1859 473 1915 per
530 1843 801 1916 populum
860 1843 1044 1914 possit
1103 1843 1336 1915 levare3
1400 1843 1573 1916 eripit
1614 1843 1790 1901 etiam
1851 1859 2044 1918 spem,
2106 1859 2256 1915 quae

69 1930 167 1987 sola
207 1931 471 1988 homines
526 1932 588 1987 in
633 1931 881 1988 miseriis
928 1929 1211 1988 consolari
1271 1930 1449 2002 solet3
1503 1931 1656 1989 bona
1705 1936 2015 2003 praeterea
2068 1931 2256 2003 publi-

69 2019 165 2075 cari
215 2019 404 2090 iubet,
467 2019 643 2077 vitam
690 2019 870 2075 solam
927 2018 1206 2090 relinquit
1262 2016 1501 2075 nefariis
1559 2018 1883 2076 hominibus
1898 2063 1914 2092 ,
1977 2034 2145 2091 quam
2206 2019 2257 2075 si

69 2106 376 2180 eripuisset,
436 2107 648 2164 multos
695 2123 811 2164 una
854 2105 1084 2163 dolores
1128 2106 1306 2164 animi
1356 2110 1532 2179 atque
1580 2108 1835 2180 corporis
1854 2100 1907 2188 ³)
1952 2112 2014 2165 et
2058 2123 2257 2164 omnes

68 2197 323 2253 scelerum
383 2211 605 2269 poenas
661 2194 988 2252 ademisset.
1109 2195 1314 2266 Itaque
1365 2200 1430 2252 ut
1485 2196 1679 2267 aliqua
1740 2197 1800 2268 in
1850 2197 1969 2254 vita
2014 2194 2257 2253 formido

68 2282 314 2353 improbis
363 2289 523 2342 esset
566 2283 784 2356 posita,
831 2283 983 2355 apud
1025 2281 1240 2340 inferos
1288 2282 1412 2340 eius
1447 2283 1601 2341 modi
1647 2283 1933 2356 quaedam
1977 2284 2063 2341 illi
2110 2283 2259 2341 anti-

68 2371 142 2439 qui
200 2372 486 2444 supplicia
554 2371 745 2443 impiis
812 2371 1122 2429 constituta
1181 2385 1308 2429 esse
1370 2371 1701 2444 voluerunt,
1777 2371 1931 2442 quod
1986 2370 2263 2430 videlicet

67 2458 494 2532 intellegebant,
567 2460 641 2516 iis
658 2452 713 2537 4)
770 2460 1009 2516 remotis
1069 2474 1184 2515 non
1244 2474 1372 2516 esse
1438 2464 1682 2517 mortem
1743 2460 1928 2531 ipsam
1984 2459 2260 2532 pertime-

67 2548 328 2607 scendam.

210 2636 379 2693 Nunc
427 2650 568 2706 eg0,
628 2640 825 2706 patres
872 2633 1212 2706 conscripti,
1269 2649 1401 2691 mea
1446 2634 1616 2692 video
1655 2633 1799 2728 guid
1844 2634 2090 2692 intersit.
2198 2625 2319 2691 815

68 2723 202 2779 eritis
268 2724 457 2781 secuti
518 2722 867 2779 sententiam
932 2720 993 2779 O.
1054 2720 1353 2794 CaesariS,
1441 2723 1709 2793 quoniam
1768 2722 1917 2779 hanc
1975 2722 2025 2779 is
2080 2721 2144 2778 in
2193 2739 2258 2779 re
2283 2719 2319 2776 9

66 2810 266 2879 publica
330 2811 518 2883 viam,
594 2825 743 2881 quae
813 2810 1107 2883 popularis
1174 2809 1451 2883 habetur,
1528 2814 1759 2868 secutus
1819 2814 1937 2882 est,
2013 2808 2259 2867 fortasse

66 2898 225 2957 minus
263 2905 450 2979 ‘erunt
468 2942 484 2970 ,
541 2900 651 2956 hoc
697 2903 933 2955 auctore
982 2902 1040 2954 et
1087 2897 1385 2968 cognitore
1427 2897 1663 2955 huiusce
1706 2898 2064 2969 sententiae,
2119 2897 2262 2954 mihi

65 2988 349 3058 populares
404 2987 654 3058 impetus
713 2984 1193 3058 pertimescendi3
1252 2985 1343 3041 sin
1402 2985 1563 3042 illam
1609 2985 1878 3058 alteram,
1929 2984 2126 3043 nescio
2186 3000 2261 3041 an

66 3076 284 3146 amplius
329 3074 471 3131 mihi
535 3074 754 3147 negotii
804 3072 1190 3131 contrahatur.
1295 3072 1411 3130 Sed
1474 3078 1671 3131 tamen
1726 3088 1984 3130 meorum
2035 3072 2263 3144 pericu-

65 3160 223 3219 lorum
280 3163 540 3220 rationes
596 3162 812 3219 utilitas
872 3161 961 3217 rei
1020 3160 1286 3233 publicae
1344 3161 1539 3219 vincat
1563 3155 1631 3237 5).
1743 3160 2036 3218 Habemus
2105 3160 2261 3217 enim

67 3263 91 3302 a
138 3248 414 3324 Caesare,
501 3251 652 3307 sicut
721 3249 899 3321 ipsius
961 3248 1212 3320 dignitas
1284 3253 1344 3304 et
1410 3249 1690 3305 maiorum
1754 3248 1878 3306 eius
1944 3247 2260 3321 amplitudo

181 3504 234 3569 1)
278 3499 352 3553 ad
381 3503 655 3567 pwnetum
706 3497 856 3551 codd.
908 3499 1153 3552 nonnulli
1205 3501 1315 3566 opt.
1362 3504 1538 3553 notae.
1754 3500 1808 3567 2)
1862 3498 2029 3554 Codd.
2080 3504 2233 3567 putet
2244 3517 2265 3566 ,·

66 3577 238 3632 putent
278 3571 342 3625 de
382 3571 600 3624 Ernesti
637 3570 770 3623 coni.
808 3568 1044 3636 Madvig.
1225 3571 1279 3637 3)
1324 3570 1414 3624 Sic
1449 3570 1681 3640 Kayser,
1719 3569 2016 3634 Eberhard3
2059 3569 2265 3623 multas

71 3641 139 3703 (al.
173 3642 398 3709 multos)
448 3655 561 3693 ’ωηο
600 3638 781 3692 dolore
818 3639 996 3691 amimi
1045 3644 1209 3706 atque
1254 3657 1397 3707 corp.
1446 3640 1624 3705 codd.;
1670 3640 1868 3693 multos
1923 3655 2036 3693 uno
2086 3640 2267 3694 dolore

68 3709 250 3766 dobras
297 3730 349 3765 a.
402 3730 454 3769 a,
507 3726 550 3764 e.
602 3710 664 3763 de
717 3709 907 3763 Graev.
956 3711 1088 3763 coni.
1138 3711 1303 3764 Halm
1361 3711 1443 3764 ed.
1482 3711 1637 3775 Tur.;
1675 3710 1879 3764 multas
1925 3727 2037 3764 uno
2084 3710 2266 3764 dolore

68 3796 347 3910 agalcogp.
374 3796 678 3905 aerumssas
702 3780 867 3905 ῌειᾶςη
891 3780 1216 3906 {dweidm
1299 3783 1357 3849 4)
1394 3780 1465 3835 iis
1492 3781 1680 3846 Halm,
1713 3781 1799 3836 his
1827 3782 1975 3836 codd.
2078 3782 2132 3848 5)
2174 3780 2262 3835 Sic

74 3867 212 3908 sco.
301 3869 450 3918 ron.;
490 3867 551 3907 co
630 3893 642 3907 .
681 3866 776 3905 vm
813 3866 941 3907 wa.
