2669 4354
387 268 514 327 390
1080 283 1298 325 οΒΑΤιο
1333 283 1594 325 rmum.
1630 284 1905 325 sncvnna

2652 392 2653 423 l

388 457 580 515 valeat
618 457 819 531 hasta,
866 457 1100 515 valeant
1144 456 1408 530 tabulae,
1455 456 1623 515 modo
1667 455 1957 531 Caesaris,
2015 473 2129 515 uon
2174 462 2342 531 tuae,
2404 456 2606 530 quibus
2652 454 2653 469 ¹

388 544 666 618 debuisti,
713 562 828 602 non
857 544 1064 617 quibus
1096 550 1159 601 tu
1197 550 1256 601 te
1287 544 1624 604 liberavisti.
1702 545 1981 604 Varronis
2011 545 2241 618 quidem
2274 544 2605 603 Casinatem

387 631 622 690 fundum
654 632 782 704 quis
804 633 1053 691 veniisse
1078 631 1255 689 dicit?
1285 633 1410 705 quis
1438 633 1662 690 hastam
1692 633 1859 690 istius
1889 633 2234 691 venditionis
2264 634 2451 691 vidit?
2480 635 2604 706 quis

387 737 584 779 vocem
646 721 950 793 praeconis
1012 719 1277 777 audivit?
1337 721 1567 778 Misisse
1614 726 1673 778 te
1696 714 1748 801 ¹)
1805 720 1950 778 dicis
1992 721 2448 795 Alexandream,
2506 723 2602 794 qui
2654 740 2655 797 ς

247 815 370 870 104
389 815 612 867 emeret
641 824 676 865 a
697 806 964 867 Caesare.
1026 808 1219 879 Ipsum
1253 809 1408 865 enim
1441 814 1779 880 exspectare
1812 825 2080 882 magnum
2110 808 2233 868 fuit.
2299 810 2439 880 Quis
2466 827 2600 867 vero
2654 810 2655 813 ’

388 895 610 954 audivit
638 912 908 968 umquam
942 928 1023 935 —-
1054 895 1269 952 nullius
1316 902 1510 953 autem
1556 897 1710 954 salus
1757 913 1930 955 curae
1975 897 2234 969 pluribus
2279 895 2393 954 fuit
2419 929 2496 937 —-
2528 896 2597 954 de

389 982 633 1042 fortunis
651 983 927 1041 Varronis
959 1000 1082 1041 rem
1105 984 1285 1040 ullam
1309 1000 1436 1041 esse
1465 983 1828 1041 detractam?
1882 984 2070 1055 Quid?
2101 985 2149 1042 si
2175 985 2354 1043 etiam
2377 985 2600 1058 scripsit

388 1072 462 1130 ad
493 1077 551 1130 te
583 1071 832 1144 Caesar,
863 1076 928 1128 ut
956 1070 1258 1145 redderes,
1290 1071 1429 1143 quid
1461 1072 1603 1129 satis
1634 1077 1827 1144 potest
1860 1071 1974 1130 dici
2005 1072 2077 1130 de
2111 1078 2276 1130 tanta
2304 1073 2597 1146 impuden-
2656 1126 2657 1145 ,

387 1162 507 1217 tia?
572 1160 828 1217 Remove
862 1158 1081 1232 gladios
1110 1175 1422 1231 parumper
1456 1159 1617 1233 illos,
1652 1177 1792 1232 quos
1829 1160 2115 1218 videmus:
2150 1162 2263 1217 iam
2295 1161 2598 1234 intelleges
2656 1150 2657 1169 ³

387 1249 559 1305 aliam
606 1263 841 1304 causam
882 1264 1009 1305 esse
1050 1247 1252 1304 hastae
1284 1245 1582 1320 CaesariS,
1622 1247 1796 1305 aliam
1836 1246 2219 1306 confidentiae
2266 1253 2323 1306 et
2364 1249 2600 1305 temeri-

386 1335 523 1394 tatis
591 1342 744 1392 tuae.
831 1335 964 1393 Non
1020 1335 1174 1411 enim
1233 1340 1292 1392 te
1357 1333 1619 1393 dominus
1686 1335 1851 1415 modo
1910 1336 2024 1393 illis
2093 1336 2331 1394 aedibus
2346 1330 2421 1414 ²),
2490 1335 2599 1393 sed

279 1421 365 1486 41
385 1424 569 1496 quivis
622 1423 866 1496 amicus,
934 1422 1186 1495 vicinuS,
1255 1423 1494 1495 hospes,
1565 1430 1910 1495 procurator
1956 1424 2194 1482 arcebit.
2298 1424 2377 1480 At
2430 1439 2600 1495 quam

385 1513 593 1569 multos
639 1511 762 1568 dies
819 1511 881 1567 in
939 1525 1012 1568 ea
1069 1509 1203 1567 villa
1263 1511 1590 1583 turpissime
1652 1527 1714 1568 es
1769 1512 2220 1584 perbacchatus!
2311 1511 2404 1569 Ab
2462 1511 2600 1568 hora

383 1600 560 1657 tertia
623 1598 961 1667 bibebatur,
1030 1595 1371 1671 ludebatur,
1431 1598 1785 1657 vomebatur.
1887 1598 1934 1657 Ο
1989 1604 2146 1658 tecta
2201 1599 2333 1671 ipsa
2392 1600 2600 1657 misera

384 1686 584 1760 ‘quam
638 1685 854 1758 dispari
913 1679 1192 1743 dominol'
1297 1685 1653 1758 Quamquam
1714 1704 1826 1759 quo
1900 1687 2067 1745 modo
2126 1688 2240 1745 iste
2302 1686 2599 1744 dominus?
2658 1676 2659 1715 ³

383 1775 486 1833 sed
531 1780 727 1832 tamen
771 1789 940 1846 quam
987 1773 1059 1831 ab
1102 1772 1321 1846 dispari
1354 1774 1734 1832 tenebantur!
1823 1775 2151 1832 Studiorum
2183 1774 2342 1832 enim
2372 1792 2599 1832 suorum

242 1866 365 1924 105
383 1862 463 1921 Μ.
507 1862 693 1920 Varro
740 1862 922 1920 voluit
964 1860 1133 1935 illud,
1177 1878 1292 1919 non
1337 1860 1643 1920 libidinum
1687 1861 2093 1922 deversorium.
2187 1863 2351 1933 Quae
2399 1864 2461 1919 in
2503 1864 2600 1920 illa

384 1951 521 2008 villa
565 1955 740 2007 antea
779 1949 1148 2023 dicebantur,
1212 1963 1360 2022 quae
1423 1950 1852 2024 cogitabantur,
1916 1968 2067 2023 quae
2114 1951 2329 2008 litteris
2367 1951 2599 2008 manda-

384 2038 622 2096 bantur!
686 2040 692 2045 ’
733 2037 870 2095 Iura
943 2037 1142 2109 populi
1225 2037 1502 2111 Romani,
1581 2046 1952 2097 monumenta
2032 2040 2338 2111 maiorum,
2412 2038 2595 2094 omnis

385 2127 707 2200 sapientiae
762 2125 912 2184 ratio
970 2125 1264 2198 omnisque
1322 2125 1635 2184 doctrinae.
1724 2127 1804 2185 At
1859 2142 1997 2186 vero
2051 2133 2111 2188 te
2175 2125 2448 2201 inquilino
2509 2156 2589 2192 ὴ-

385 2233 500 2273 ιιοιι
548 2216 701 2274 enim
747 2214 975 2272 domino
1023 2246 1105 2254 -—
1150 2215 1544 2287 personabant
1584 2216 1778 2273 omnia
1808 2216 2038 2274 vocibus
2070 2216 2393 2289 ebriorum,
2437 2219 2589 2272 nata-

383 2303 527 2361 bant
567 2303 897 2375 pavimenta
968 2302 1100 2359 vino
1121 2346 1136 2375 ,
1208 2302 1522 2360 madebant
1597 2304 1880 2377 parieteS,
1947 2305 2190 2377 ingenui
2247 2304 2414 2376 pueri
2471 2319 2592 2359 cum

384 2391 723 2464 meritoriiS,
810 2395 999 2447 scorta
1061 2389 1217 2448 inter
1283 2396 1498 2447 matres
1567 2389 1812 2448 familias
1880 2392 2276 2450 versabantur.
2392 2390 2593 2449 Casino

384 2478 693 2536 salutatum
759 2477 1101 2553 veniebant,
1162 2478 1419 2551 Aquino,
1485 2478 1844 2537 Interamna:
1909 2479 2191 2538 admissus
2254 2483 2348 2537 est
2419 2494 2592 2536 nemo

384 2567 518 2625 Iure
566 2567 626 2625 id
674 2564 936 2639 quidem:
996 2567 1057 2624 in
1100 2565 1332 2625 homine
1382 2567 1535 2625 enim
1581 2567 1908 2638 turpissimo
1954 2565 2373 2625 obsolefiebant
2418 2566 2596 2640 digni-

244 2661 365 2718 106
385 2656 519 2736 tatis
564 2655 829 2727 insignia.
919 2653 1061 2712 Cum
1105 2653 1241 2713 inde
1274 2654 1515 2713 Romam
1559 2653 1928 2726 proficiscens
1979 2656 2054 2714 ad
2096 2654 2393 2726 Aquinum
2439 2670 2595 2712 acce-

385 2743 583 2816 deret,
631 2743 859 2801 obviam
898 2743 955 2799 ei
997 2743 1311 2815 processit,
1372 2747 1437 2800 ut
1480 2747 1569 2801 est
1613 2742 1885 2815 frequens
1929 2743 2336 2816 municipium,
2394 2757 2597 2815 magna

384 2846 524 2888 sane
571 2830 890 2888 multitudo.
977 2830 1059 2887 At
1115 2830 1226 2888 iste
1289 2835 1495 2902 operta
1549 2831 1760 2889 lectica
1812 2832 1962 2889 latus
2013 2849 2121 2905 per
2178 2830 2456 2903 oppidum
2519 2834 2597 2887 est

382 2925 447 2976 ut
512 2923 784 2977 mortuus,
873 2917 1059 2976 Stulte
1118 2918 1468 2991 Aquinates:
1537 2917 1641 2976 sed
1708 2923 1904 2976 tamen
1958 2920 2020 2975 in
2089 2919 2184 2977 via
2236 2917 2594 2977 habitabant

382 3006 532 3079 Quid
571 3006 907 3079 Anagnini?
990 3006 1098 3077 Qui
1141 3023 1270 3064 cum
1318 3012 1514 3065 essent
1560 3006 1742 3081 devii,
1788 3006 2245 3080 descenderunt,
2295 3011 2366 3064 ut
2412 3008 2595 3076 istum,

378 3102 673 3168 tamquam
717 3095 768 3152 si
813 3098 995 3168 esset,
1059 3095 1355 3153 consulem
1373 3088 1427 3174 ⁸)
1474 3095 1812 3153 salutarent,
1901 3095 2250 3154 Incredibile
2299 3094 2457 3153 dictu
2493 3096 2595 3164 est,

377 3201 577 3243 verum
622 3183 838 3241 vicinos
854 3176 908 3262 ⁴)
952 3182 1108 3241 inter
1136 3198 1336 3241 omnes
1368 3181 1669 3240 constabat
1709 3184 1997 3241 neminem
2030 3200 2162 3243 esse
2204 3184 2596 3252 resalutatum,

375 3272 721 3346 praesertim
780 3287 908 3329 cum
968 3270 1112 3329 duos
1173 3287 1369 3329 secum
1423 3270 1762 3344 Anagninos
1820 3271 2094 3346 haberet,
2163 3270 2479 3330 Mustelam
2538 3270 2597 3324 et

555 3548 607 3614 1)
655 3551 706 3599 te
751 3544 953 3600 omittit
998 3542 1112 3599 cod.
1149 3543 1273 3599 Vat.
1319 3543 1503 3610 Halm,
1556 3542 1862 3609 Eberhard;
1927 3542 2155 3597 missum
2214 3558 2329 3597 esse
2375 3534 2586 3595 Hirsch-

375 3614 568 3670 felder
644 3616 698 3685 2)
736 3615 961 3669 acciabus
996 3615 1132 3669 coni
1159 3615 1446 3683 Pluygers,
1483 3614 1699 3668 sedibus
1721 3586 1894 3680 codd,
1919 3615 2098 3668 Halm.
2175 3614 2232 3683 3)
2259 3614 2386 3667 Vat.
2412 3610 2590 3666 cotenu

376 3686 542 3740 ceteri
596 3687 817 3752 consul,
871 3686 1012 3755 quod
1050 3686 1416 3754 praetulerunt
1453 3686 1675 3767 Madvig
1729 3690 1785 3740 et
1826 3684 2117 3739 Eberhard.
2238 3686 2296 3751 4)
2331 3684 2455 3736 Vat.
2502 3675 2589 3730 sed

378 3772 504 3808 cum
539 3755 729 3819 vinus,
762 3756 901 3809 unde
926 3755 1150 3824 Madvig
1173 3756 1307 3810 coni.
1347 3755 1441 3809 sed
1473 3771 1594 3808 sum
1614 3757 1855 3820 vic-mm,
1892 3756 2271 3825 Naegelsbach
2298 3752 2392 3807 sed
2415 3758 2589 3805 tamen

377 3824 570 3886 nimis,
627 3824 896 3891 Nipperde
979 3826 1074 3878 sed
1107 3774 1222 3880 tgum
1257 3827 1407 3895 visu,
1456 3827 1609 3880 Koch
1656 3834 1758 3891 est,
1804 3842 1987 3878 verum
2026 3827 2256 3879 vicinos.
2322 3824 2499 3891 Vulgo
2531 3832 2590 3869 ex

379 3893 630 3947 Palatino
663 3893 778 3948 cod.
818 3909 845 3945 s
943 3899 1058 3946 tum
1092 3897 1262 3949 nimis
1297 3896 1564 3952 scribitur.
