2669 4354
435 242 562 334 {Q}
1441 253 1661 296 ORATIO

436 430 769 502 aequiorem
834 444 1005 501 quam
1069 444 1172 485 reo
1232 425 1533 499 praebeat.
1652 424 1767 483 Sed
1833 430 1934 483 tua
1954 468 1969 497 ,
2039 423 2255 482 Caesar
2272 465 2288 496 ,
2351 425 2619 493 praestans

435 518 852 590 singularisque
910 520 1119 573 natura
1182 515 1334 572 hunc
1378 514 1518 571 mihi
1576 519 1792 572 metum
1852 512 2084 584 minuit3
2149 527 2265 568 non
2329 512 2475 567 enim
2524 512 2620 565 tam

437 606 640 678 timeo,
709 604 846 676 quid
888 608 951 660 tu
997 603 1069 660 de
1115 619 1255 675 rege
1297 601 1610 673 Deiotar0‚
1691 616 1863 672 quam
1906 600 2213 672 intellego,
2290 597 2422 670 quid
2467 597 2533 654 de
2571 602 2618 653 te
2657 607 2658 656 ζ

378 694 414 753 5
437 698 666 751 ceteros
705 691 849 749 velis
894 690 1170 761 iudicare.
1240 689 1483 747 Moveor
1529 690 1703 746 etiam
1749 689 1862 746 loci
1906 688 2085 761 ipsius
2132 686 2459 757 insolentia,
2497 683 2623 757 quod

437 785 658 838 tantam
705 794 963 852 causam,
1023 782 1240 849 quanta
1293 776 1454 834 nulla
1508 793 1774 847 umquam
1834 776 1894 832 in
1940 774 2363 847 disceptatione
2426 778 2623 830 versata

437 873 552 939 est,
609 867 738 925 dico
783 867 940 923 intra
997 864 1340 923 domesticos
1362 857 1412 942 ¹)
1460 865 1741 936 parietes,
1795 863 1922 921 dico
1969 867 2135 920 extra
2195 864 2531 919 conventum
2578 857 2658 916 et³

437 972 568 1013 eam
623 953 1014 1026 frequentiam
1032 998 1046 1026 ,
1102 953 1163 1010 in
1221 967 1332 1024 qua
1377 957 1666 1010 oratorum
1729 949 1917 1008 studia
1976 951 2084 1007 niti
2141 950 2359 1007 solent:
2422 949 2482 1005 in
2534 948 2625 1004 tuis

435 1042 644 1115 oculis»,
702 1043 762 1098 in
809 1046 908 1098 tuo
956 1057 1056 1099 ore
1103 1040 1373 1111 voltuque
1433 1040 1766 1111 acquiescO,
1824 1043 1885 1097 te
1933 1055 2109 1096 unum
2154 1038 2413 1109 intueor,
2474 1036 2543 1093 ad
2581 1042 2658 1112 te¹

435 1147 611 1188 unum
672 1130 854 1186 omnis
913 1144 1044 1186 mea
1094 1131 1320 1200 spectat
1363 1128 1579 1200 oratio3
1638 1143 1786 1198 quae
1847 1127 1987 1183 mihi
2042 1125 2117 1183 ad
2171 1142 2336 1198 spem
2394 1125 2658 1184 obtinen-¹

434 1218 544 1276 dae
598 1216 859 1275 veritatis
919 1216 1257 1287 gravissima
1313 1221 1470 1287 sunt,
1532 1214 1604 1273 ad
1663 1219 1878 1272 motum
1942 1214 2121 1271 animi
2178 1219 2239 1270 et
2293 1214 2369 1271 ad
2432 1227 2628 1270 omnem

375 1311 410 1368 6
434 1307 710 1377 impetum
753 1303 984 1362 dicendi
1036 1302 1580 1373 contentionemque
1637 1303 1873 1359 leviora.
1977 1302 2146 1359 Hanc
2192 1303 2349 1359 enim
2407 1316 2658 1371 causam,¹

417 1385 494 1450 Ὀ.
537 1392 787 1464 Caesar,
852 1392 902 1448 si
954 1392 1016 1448 in
1074 1389 1198 1449 foro
1252 1389 1507 1447 dicerem
1566 1390 1769 1448 eodem
1829 1389 2104 1447 audiente
2168 1393 2230 1447 et
2288 1390 2658 1461 disceptante*

431 1486 517 1553 te,
564 1483 839 1552 quantam
883 1479 1024 1535 mihi
1070 1478 1433 1536 alacritatem
1480 1478 1675 1550 populi
1718 1477 1967 1535 Romani
2012 1493 2328 1536 concursus
2378 1475 2628 1535 adferret!

433 1568 570 1638 Quis
611 1568 765 1625 enim
815 1567 955 1623 civis
1008 1566 1065 1623 ei
1105 1566 1231 1638 regi
1288 1581 1406 1622 non
1457 1564 1719 1639 faveret,
1780 1566 1943 1623 cuius
1989 1581 2217 1623 omnem
2274 1571 2531 1623 aetatem
2583 1565 2627 1619 in

357 1701 361 1705 .
428 1655 627 1728 populi
672 1654 920 1712 Romani
966 1652 1134 1710 bellis
1182 1658 1574 1725 consumptam
1622 1669 1749 1710 esse
1810 1653 2210 1711 meminisset?
2318 1652 2628 1727 Spectarem

429 1744 649 1801 curiam
668 1787 683 1815 ,
755 1742 1020 1799 intuerer
1077 1740 1260 1798 forum
1281 1784 1296 1813 ,
1374 1742 1600 1798 caelum
1646 1740 1895 1813 denique
1952 1745 2206 1799 testarer
2262 1742 2473 1813 ipsum.
2556 1740 2658 1799 Sic¹

429 1847 557 1887 cum
603 1835 664 1887 et
709 1829 959 1903 deorum,
996 1828 1400 1885 immortalium
1447 1833 1506 1886 et
1548 1829 1742 1900 populi
1788 1827 2034 1886 Romani
2084 1835 2148 1886 et
2190 1836 2440 1887 senatus
2484 1830 2629 1887 bene·

426 1918 558 1975 ficia
614 1919 677 1974 in
734 1932 933 1989 regem
979 1916 1321 1973 Deiotarum
1379 1914 1751 1987 recordarer,
1811 1917 1969 1974 nullo
2033 1916 2199 1975 modo
2249 1918 2399 1975 mihi
2453 1918 2628 1976 deesse

370 2012 404 2068 7
424 2009 620 2077 posset
664 2005 869 2062 orati0.
970 2002 1128 2073 Quae
1174 2003 1445 2073 quoniam
1491 2004 1826 2075 angustiora
1877 2004 2137 2077 parietes
2192 2002 2426 2064 faciunt
2480 2005 2629 2063 actio·

426 2110 537 2165 que
582 2092 866 2149 maximae
928 2106 1136 2149 causae
1181 2090 1521 2148 debilitatur
1578 2092 1739 2164 loc0,
1814 2096 1976 2149 tuum
2030 2098 2154 2165 est,
2231 2091 2486 2166 Caesar,
2553 2091 2658 2163 qui}

425 2196 532 2252 pro
576 2180 773 2237 multis
818 2194 994 2252 saepe
1039 2177 1262 2252 dixisti,
1308 2179 1446 2250 quid
1489 2179 1628 2237 mihi
1674 2197 1827 2237 nunc
1870 2181 2048 2238 animi
2090 2182 2191 2253 sit,
2236 2181 2315 2239 ad
2364 2187 2426 2240 te
2472 2184 2658 2254 ipsum¹

423 2266 648 2326 referre
666 2312 681 2341 ,
745 2282 858 2339 quo
906 2266 1131 2324 facilius
1179 2283 1307 2323 cum
1354 2267 1616 2337 aequitas
1670 2274 1773 2325 tua
1826 2274 1947 2325 tum
2008 2268 2285 2326 audiendi
2353 2269 2658 2343 diligentia}

423 2356 650 2413 minuat
688 2356 837 2412 hanc
882 2354 1382 2427 perturbationem
1427 2371 1633 2414 meam.
2657 2352 2658 2355 ’

599 2441 713 2500 Sed
774 2446 1084 2515 antequam
1145 2441 1218 2500 de
1281 2443 1652 2500 accusatione
1708 2443 1837 2515 ipsa
1894 2441 2050 2516 dico,
2110 2442 2183 2502 de
2247 2428 2658 2507 accusatorum}

423 2544 527 2602 spe
572 2546 759 2602 pauca
791 2529 1014 2602 dicam3
1060 2530 1158 2600 qui
1204 2546 1333 2587 cum
1378 2528 1683 2587 videantur
1727 2547 1837 2588 nec
1881 2531 2116 2602 ingenio
2161 2549 2276 2590 nec
2326 2552 2438 2592 usu
2483 2518 2658 2604 atque}

423 2618 841 2676 exercitatione
888 2632 1082 2674 rerum
1100 2611 1154 2695 2)
1210 2618 1437 2690 valere,
1497 2623 1693 2675 tamen
1739 2618 1812 2676 ad
1870 2619 2022 2677 hanc
2072 2635 2310 2677 causam
2357 2639 2477 2679 non
2527 2621 2658 2685 sine3

357 2707 400 2773 3
421 2706 614 2777 aliqua
672 2722 772 2777 spe
839 2709 900 2762 et
953 2704 1301 2776 cogitatione
1359 2710 1659 2764 venerunt.
1778 2706 2000 2764 Iratum
2057 2713 2117 2765 te
2176 2696 2309 2781 regi
2373 2698 2658 2768 Deiotam'

361 2804 398 2861 8
419 2793 595 2851 fuisse
643 2810 757 2851 non
804 2805 975 2850 erant
1019 2793 1235 2866 nescii,
1283 2791 1570 2867 adfectum
1589 2788 1643 2872 ³)
1688 2793 1848 2850 illum
1890 2794 2238 2865 quibusdam
2274 2795 2658 2855 incommodis}

419 2885 479 2938 et
516 2881 882 2938 detrimentis
927 2884 1166 2951 propter
1209 2879 1587 2938 offensionem
1629 2881 1806 2938 animi
1853 2883 1938 2939 tui
1983 2883 2407 2958 meminerant,
2458 2882 2658 2961 [teque

415 2985 546 3025 cum
591 2968 725 3025 huic
770 2968 985 3024 iratum
1031 2973 1150 3023 tum
1197 2966 1307 3024 sibi
1354 2968 1597 3024 amicum
1645 2984 1772 3026 esse
1821 2968 2237 3047 cognoverant]
2256 2966 2346 3047 4);
2414 2956 2658 3043 cumque³

413 3055 566 3128 apud
626 3056 811 3127 ipsum
867 3061 927 3112 te
991 3054 1064 3112 de
1114 3060 1211 3111 tuo
1271 3056 1532 3126 periculo
1592 3054 1885 3130 dicerent,
1942 3056 2068 3115 fore
2126 3060 2421 3131 putabant
2476 3068 2539 3119 ut
2585 3060 2634 3114 in

345 3222 350 3227 θ
414 3144 748 3201 exulcerato
793 3143 986 3200 animo
1031 3140 1204 3200 facile
1249 3139 1443 3199 fictum
1484 3143 1704 3200 crimen
1760 3145 2058 3203 insideret.
2162 3147 2350 3218 Quam
2408 3150 2482 3206 ob
2526 3164 2633 3204 rem

408 3231 516 3289 hoc
578 3246 683 3289 nos
734 3231 984 3304 primum
1050 3235 1236 3303 metu,
1316 3228 1559 3303 Caesar,
1634 3247 1743 3303 per
1791 3229 1965 3291 fidem
2020 3239 2079 3291 et
2140 3237 2530 3294 constantiam
2586 3222 2658 3301 et]

409 3319 783 3377 clementiam
829 3325 989 3376 tuam
1034 3316 1249 3391 libera,
1296 3334 1371 3375 ne
1416 3317 1679 3376 residere
1712 3319 1774 3376 in
1817 3325 1877 3378 te
1919 3321 2097 3380 ullam
2140 3330 2372 3395 partem
2421 3325 2658 3395 iracun-¹

554 3570 606 3634 1)
659 3529 1005 3634 domestice&
1046 3567 1187 3634 quod
1227 3567 1378 3620 deest
1414 3567 1469 3620 in
1508 3570 1692 3635 paucis
1729 3570 1908 3635 codd„
1949 3572 2071 3625 incl.
2112 3573 2340 3640 Kayser.
2448 3575 2502 3639 2)
2538 3586 2628 3649 usi}

405 3653 594 3690 rerum
635 3643 796 3704 atque
833 3636 1215 3715 exercitatione
1252 3638 1461 3691 Ernesti
1511 3641 1815 3706 suspicatus
1854 3646 1961 3700 est:
2006 3642 2266 3697 Garatoni
2314 3661 2500 3697 rerum
2545 3642 2658 3694 eici

403 3708 566 3761 iubet.
784 3707 838 3773 3)
878 3705 1160 3774 adflectum
1196 3725 1239 3761 c.
1277 3708 1442 3761 altera
1493 3707 1641 3761 codd.
1691 3710 1904 3765 familia
1941 3713 2235 3766 Eberhard.
2315 3731 2363 3767 v.
2422 3712 2658 3776 Madvig

400 3795 486 3901 Ep).
522 3777 596 3900 Ill,
638 3776 814 3901 ,308Μ
850 3860 879 3901 e
919 3777 975 3843 4)
1012 3775 1234 3902 Unctinis
1274 3779 1408 3832 haec
1437 3778 1658 3902 incllusit
1695 3780 1921 3852 Madvig
1960 3799 2007 3836 v.
2061 3801 2144 3856 op.
2184 3787 2281 3840 Ac,
2322 3786 2379 3855 ‚1‚
2429 3801 2480 3852 p.
2521 3781 2658 3835 148„

485 3865 541 3901 er
580 3864 638 3902 ar
711 3863 743 3915 q
880 3863 974 3899 um
1015 3878 1082 3887 —-
1143 3865 1238 3902 um
1277 3866 1393 3903 unc.
1432 3865 1553 3902 me.
