2669 4354
420 257 543 315 376
1098 269 1317 311 onAmo
1362 270 1619 333 PmnffP.
1646 268 1938 325 ‘snchDA

417 443 700 516 volumus,
761 459 1102 515 quamquam
1158 442 1451 499 dissimilis
1498 448 1589 498 est
1632 442 1878 498 militum
1937 457 2108 498 causa
2155 446 2216 498 et
2274 446 2379 517 tua
2423 473 2501 480 --
2546 440 2612 496 illi
2656 420 2657 463 ³

418 531 601 588 secuti
662 536 824 602 sunt,
887 536 949 588 tu
994 531 1269 601 quaesisti
1322 529 1528 587 ducem
1577 561 1684 602 —-,
1745 534 1969 602 tamen,
2032 546 2106 586 ne
2155 528 2312 603 apud
2371 528 2498 587 illos
2542 544 2612 585 me

415 619 478 676 in
516 618 789 676 invidiam
835 634 1030 689 voceS‚
1078 616 1222 674 nihil
1267 617 1340 674 de
1388 633 1606 689 genere
1646 615 1787 673 belli
1832 616 2039 674 dicam.
2127 616 2331 673 Victor
2379 633 2412 672 e
2458 616 2614 673 Thes-

416 707 563 764 salia
607 706 976 763 Brundisium
1022 722 1153 762 cum
1209 703 1534 778 legionibus
1592 700 1902 761 revertisti.
2009 703 2098 760 Ibi
2159 719 2253 761 me
2313 719 2432 760 non
2486 704 2614 760 occi·

415 792 566 851 disti.
670 792 948 866 Magnum
1013 790 1384 850 beneficium!
1455 792 1712 863 potuisse
1780 792 1934 849 enim
1999 789 2216 862 fateor3
2291 788 2657 864 quamquam'

415 879 584 940 nemo
634 887 760 938 erat
806 896 1036 952 eorum,
1094 881 1188 951 qui
1235 884 1354 936 tum
1402 886 1607 949 tecum
1640 877 1897 952 fuerunt,
1969 881 2065 950 qui
2122 878 2263 936 mihi
2325 894 2440 935 non
2503 893 2615 935 cen-

315 977 396 1034 60
416 975 575 1026 seret
617 968 780 1041 parci
827 974 1113 1041 oportere.
1206 967 1395 1024 Tanta
1442 973 1531 1024 est
1577 967 1731 1023 enim
1779 960 1990 1023 caritas
2034 967 2295 1040 patriae,
2337 972 2402 1022 ut
2428 967 2614 1027 vestris

416 1057 591 1113 etiam
636 1056 962 1129 legionibus
1009 1060 1241 1112 sanctus
1285 1071 1503 1126 essem,
1564 1053 1714 1125 quod
1768 1071 1897 1112 eam
1944 1069 1979 1110 a
2033 1071 2125 1113 me
2171 1058 2460 1111 servatam
2507 1070 2615 1112 esse
2656 1054 2657 1059 ’

414 1145 826 1202 meminissent.
936 1142 1051 1200 Sed
1095 1140 1187 1198 fac
1238 1141 1298 1198 id
1347 1148 1405 1199 te
1452 1141 1680 1199 dedisse
1724 1141 1893 1215 mihi,
1961 1142 2115 1214 quod
2178 1157 2296 1198 non
2351 1141 2616 1213 ademisti,
2656 1168 2657 1217 l

369 1275 374 1280 .
413 1248 619 1303 meque
666 1248 702 1288 a
731 1237 789 1289 te
820 1231 1036 1288 habere
1066 1231 1269 1303 vitam,
1316 1230 1452 1302 quia
1498 1246 1610 1286 non
1656 1245 1691 1285 a
1721 1235 1780 1286 te
1814 1230 1888 1285 sit
1936 1234 2164 1301 erepta:
2211 1229 2449 1286 licuitne
2495 1229 2616 1286 mihi

413 1336 520 1392 per
565 1324 695 1375 tuas
742 1319 1117 1376 contumelias
1161 1318 1269 1375 hoc
1325 1323 1487 1373 tuum
1531 1313 1873 1374 beneficium
1920 1318 2002 1373 sic
2049 1317 2231 1391 tueri,
2294 1322 2359 1373 ut
2412 1318 2617 1388 tuebar,

310 1405 395 1472 25
414 1408 759 1478 praesertim
804 1423 932 1462 cum
985 1410 1043 1463 te
1098 1405 1245 1462 haec
1303 1403 1634 1461 auditurum
1678 1403 1904 1462 videres
1927 1399 2018 1484 ²)‘?
2118 1403 2350 1461 Venisti
2386 1403 2617 1461 Brundi-

314 1503 390 1557 61
416 1495 589 1567 sium,
648 1495 708 1550 in
754 1495 942 1550 sinum
988 1492 1219 1565 quidem
1266 1497 1325 1548 et
1369 1493 1429 1548 in
1475 1491 1835 1564 complexum
1897 1497 2032 1548 tuae
2086 1491 2378 1549 mimulae.
2489 1491 2615 1561 Quid

339 1598 346 1601 ”
418 1583 549 1639 est?
601 1598 736 1638 num
778 1581 1064 1638 mentior?
1155 1579 1336 1649 Quam
1391 1579 1664 1636 miserum
1730 1587 1818 1636 est
1877 1578 1937 1636 id
1993 1595 2212 1651 negare
2266 1595 2386 1645 non
2448 1596 2614 1653 posse,
2656 1562 2657 1643 Ῐ

414 1668 565 1743 quod
610 1671 684 1727 sit
728 1669 1119 1745 turpissimum
1166 1660 1455 1724 confiteri!
1557 1667 1618 1724 Si
1665 1671 1723 1724 te
1780 1667 2224 1739 municipiorum
2282 1668 2616 1740 nonjpude-
2656 1664 2657 1725 3

415 1758 545 1829 bat,
617 1770 691 1814 ne
737 1755 999 1813 veterani
1047 1754 1279 1827 quidem
1325 1755 1654 1811 exercitus?
1721 1754 1847 1826 quis
1903 1755 2058 1811 enim
2102 1751 2280 1831 [miles
2335 1753 2474 1829 fuit,
2539 1755 2617 1826 qui
2656 1746 2657 1821 Ῡ

414 1842 706 1900 Brundisii
747 1844 904 1901 illam
952 1858 1066 1899 non
1113 1841 1364 1899 viderit?
1410 1843 1564 1915 quiS,
1612 1842 1710 1913 qui
1755 1842 2033 1907 nescierit
2075 1836 2304 1899 venisse
2355 1832 2485 1900 eam
2528 1842 2616 1900 tibi

414 1937 498 1988 tot
555 1931 779 1989 dierum
837 1932 987 1988 viam
1013 1923 1063 2010 ²)
1124 1931 1475 2002 gratulatum
1488 1934 1514 1984 ⁴?
1590 1929 1746 2002 quis,
1819 1929 1915 2001 qui
1973 1946 2087 1986 non
2149 1929 2463 1987 indoluerit
2517 1937 2617 1987 tam
2656 1920 2657 1953 ³

413 2035 545 2076 sero
610 2035 701 2091 se,
771 2018 941 2090 quam
1013 2034 1264 2090 nequam
1326 2017 1617 2074 hominem
1682 2022 1914 2073 secutus
1980 2021 2162 2090 esset,
2240 1996 2657 2089 cognoscere:2¹

312 2115 391 2172 62
414 2105 622 2164 Italiae
667 2123 867 2163 rursus
912 2106 1274 2179 percursatio
1322 2103 1528 2162 eadem
1576 2105 1783 2161 comite
1838 2104 2042 2161 mima:
2097 2106 2157 2161 in
2214 2098 2430 2177 oppida
2488 2105 2617 2180 mili·
2656 2158 2657 2161 ,

413 2200 535 2251 tum
582 2194 831 2252 crudelis
878 2199 949 2268 et,
995 2194 1207 2252 misera
1252 2193 1554 2251 deductio:
1616 2192 1676 2249 in
1735 2193 1880 2250 urbe
1940 2194 2099 2267 auri,
2163 2194 2396 2267 argenti
2455 2193 2615 2250 maxi-

415 2299 619 2353 meque
665 2282 782 2339 vini
828 2279 1000 2339 foeda
1041 2281 1309 2352 direptio,
1417 2280 1707 2352 Accessit,
1770 2283 1836 2337 ut
1890 2279 2149 2338 'Caesare
2209 2282 2446 2355 ignaro,
2501 2296 2615 2337 cum

416 2375 571 2427 esset
613 2369 713 2426 ille
746 2367 1150 2426 Alexandreae
1174 2364 1258 2445 3),
1304 2365 1586 2425 beneficio
1618 2368 1932 2425 amicorum
1980 2361 2104 2425 eius
2150 2370 2430 2440 magister
2473 2368 2617 2439 equi-

413 2463 534 2513 tum
575 2458 1062 2513 constitueretur.
1160 2454 1305 2511 Tum
1360 2456 1711 2513 existimavit
1771 2472 1834 2513 se
1888 2472 1988 2513 suo
2047 2456 2176 2513 iure
2229 2473 2362 2514 cum
2421 2454 2617 2528 Hippia

413 2545 609 2602 vivere
658 2548 717 2601 et
764 2555 958 2616 equos
984 2542 1298 2615 vectigales
1344 2542 1545 2615 Sergio
1593 2544 1764 2601 mimo
1808 2542 2062 2601 tradere.
2170 2544 2320 2601 Tum
2365 2544 2472 2602 sibi
2496 2545 2616 2599 ‘non
2656 2557 2657 2562 ¹

412 2633 595 2705 hanc,
668 2647 839 2704 quam
895 2649 1048 2688 nunc
1108 2631 1259 2689 male
1319 2635 1543 2703 tuetur,
1619 2630 1723 2689 sed
1778 2630 1858 2687 M.
1915 2630 2141 2687 Pisonis
2199 2631 2463 2705 domum,
2525 2627 2657 2698 ubi;

412 2720 740 2796 habitaret,
786 2719 1027 2792 legerat.
1118 2716 1268 2787 Quid
1316 2734 1425 2790 ego
1469 2718 1636 2775 istius
1685 2717 1950 2791 decreta,
1999 2719 2137 2790 quid
2181 2721 2451 2792 rapinas,
2492 2715 2616 2790 quid
2656 2705 2657 2712 ¹

413 2807 804 2865 hereditatum
849 2807 1240 2879 possessiones
1288 2804 1488 2879 datae,
1547 2805 1687 2877 quid
1734 2811 1966 2878 ereptas
2011 2805 2351 2878 proferam?
2453 2805 2619 2878 Coge-

413 2895 512 2952 bat
557 2899 821 2967 egestas:
888 2909 1000 2965 quo
1057 2903 1120 2951 se
1164 2897 1449 2965 verteret,
1514 2909 1629 2949 non
1686 2892 1971 2951 habebat:
2042 2893 2296 2952 nondum
2359 2896 2414 2954 ei
2469 2897 2618 2951 tanta

412 2989 466 3039 a·
494 2982 559 3040 L.
606 2982 857 3054 Rubrio,
919 2997 1033 3038 non
1080 2996 1115 3037 a
1160 2979 1225 3036 L.
1274 2980 1538 3038 Turselio
1584 2980 1877 3038 hereditas
1923 2988 2191 3040 venerat:
2259 2982 2508 3041 nondum
2560 2979 2615 3035 in

411 3070 651 3142 Pompei
703 3070 895 3126 locum
950 3067 1369 3139 multorumque
1426 3068 1701 3142 aliorum,
1760 3070 1872 3152 ¹qui
1936 3069 2211 3143 aberant,
2290 3070 2615 3152 repentinus

412 3158 583 3216 heres
628 3160 1005 3214 successerat.
1093 3151 1239 3212 Erat
1287 3156 1340 3212 ei
1361 3149 1414 3234 ⁴¹)
1469 3155 1774 3213 vivendum
1837 3158 2125 3215 latronum
2172 3159 2327 3233 ritu,
2386 3165 2451 3216 ut
2502 3162 2616 3226 tan·
2656 3177 2657 3192 ¹

412 3252 533 3303 tum
580 3244 854 3316 haberet,
900 3247 1175 3315 quantum
1201 3251 1425 3313 'rapere
1471 3244 1771 3316 potuisset.

310 3341 389 3397 63
588 3330 703 3389 Sed
760 3332 938 3404 haec,
1010 3346 1156 3401 quae
1209 3330 1548 3387 robustioris
1593 3329 1980 3404 improbitatis
2040 3337 2204 3405 sunt,
2275 3334 2615 3391 omittamus:
2656 3385 2657 3412 ἶ

410 3421 714 3491 loquamur
757 3418 947 3490 potius
995 3417 1067 3475 de
1115 3414 1465 3489 nequissimo
1525 3434 1743 3489 genere
1798 3419 2068 3477 levitatis.
2177 3421 2266 3478 Tu
2320 3422 2448 3479 istis
2508 3418 2617 3476 fau·
2656 3489 2657 3492 Ἴ

552 3651 605 3715 1)
643 3664 911 3701 ausurum
946 3649 1178 3702 viderem
1214 3650 1349 3704 coni.
1394 3650 1685 3703 Eberhard.
1847 3650 1902 3716 2)
1944 3648 2035 3703 Sic
2066 3651 2261 3720 vulgo:
2312 3651 2482 3707 Vatic.
2513 3648 2610 3711 via,
2656 3701 2657 3708 ,

410 3718 554 3785 quod
601 3717 800 3769 retinet
833 3719 1055 3786 Kayser.
1128 3720 1327 3773 Miiller
1362 3720 1558 3774 Philol.
1596 3720 1723 3773 XIX
1767 3719 1873 3773 632
1908 3726 1989 3774 tot
2026 3720 2241 3774 dierum
2277 3724 2378 3777 iter
2417 3720 2611 3777 obviam
2656 3745 2657 3782 3

411 3785 559 3838 haud
594 3786 1012 3854 improbabiliter
1047 3790 1290 3842 coniecit.
1446 3792 1500 3858 3)
1541 3805 1662 3841 eum
1699 3822 1766 3828 —
1806 3790 2192 3845 Alexandreae
2225 3793 2398 3847 Cobet
2433 3793 2612 3846 Mnem.

411 3856 463 3908 X
500 3856 603 3909 366
639 3871 759 3908 unc.
797 3856 919 3910 incl.
1062 3860 1117 3930 4)
1154 3860 1202 3911 ei
1238 3860 1392 3915 deest
1428 3861 1482 3913 in
1518 3860 1643 3913 Vat.
