2669 4354
372 251 497 310 392
915 280 920 285 ·
1047 267 1269 308 onA'mo
1313 269 1570 308 PHILIPP.
1617 269 1891 310 SECVNDA

264 439 353 505 43
544 442 625 499 Et
673 448 737 499 tu
779 441 840 498 in
887 439 1154 498 Caesaris
1208 441 1488 499 memoria
1542 441 1829 514 diligens?
1889 448 1953 499 tu
2008 443 2173 501 illum
2233 460 2392 502 amas
2432 461 2545 502 mor-

227 534 352 592 110
371 534 571 588 tuum?
664 531 847 601 Quem
902 529 954 587 is
1003 529 1281 588 honorem
1340 530 1619 595 maiorem
1685 536 2026 589 consecutus
2081 538 2244 606 erat,
2305 550 2458 605 quam
2494 538 2541 589 ut

368 619 617 677 haberet
672 619 963 691 pulvinar,
1024 617 1397 675 simulacrum
1415 663 1430 691 ,
1492 617 1817 693 fastigium,
1880 617 2216 677 flaminem?
2304 621 2406 678 Est
2445 637 2544 693 ergo
2624 628 2625 649 ¹

368 707 614 789 flamen,
673 713 740 765 ut
789 706 947 779 Iovi,
1006 709 1071 765 ut
1113 706 1324 779 Marti,
1383 712 1448 764 ut
1493 705 1761 781 Quirino,
1820 708 1905 765 sic
1967 708 2097 766 divo
2155 707 2306 766 Iulio
2350 709 2424 766 M.
2460 709 2552 766 An-
2624 736 2625 739 ¹

367 796 578 854 tonius,
686 795 835 866 Quid
896 794 1074 867 igitur
1140 796 1372 851 cessas?
1477 794 1594 853 Cur
1661 813 1779 853 non
1844 796 2214 868 inauguraris
2234 790 2322 877 ¹)‘?
2414 797 2553 861 Sume

368 885 551 958 diem,
621 870 751 942 vide
770 928 785 957 ,
855 882 952 954 qui
999 888 1058 938 te
1103 882 1443 955 inauguret3
1513 884 1790 956 conlegae
1837 900 2057 942 sumus:
2126 901 2298 942 nemo
2340 886 2555 958 negabit.

368 971 415 1030 Ο
475 971 882 1031 detestabilem
945 970 1273 1044 hominem,
1351 961 1472 1028 sive
1542 971 1694 1043 quod
1761 970 2030 1030 Caesaris
2047 965 2100 1050 ²)
2169 974 2432 1032 sacerdos
2493 991 2556 1046 es,

367 1062 488 1118 sive
544 1060 696 1133 quod
749 1058 984 1117 mortui!
1082 1056 1311 1127 Quaero
1370 1058 1669 1132 deincepS,
1737 1077 1873 1117 num
1939 1060 2255 1119 hodiernus
2311 1062 2428 1120 dies
2480 1060 2557 1134 qui
2624 1126 2625 1133 χ

368 1149 446 1206 sit
499 1150 773 1222 ignores?
861 1147 1067 1205 Nescis
1123 1146 1253 1204 heri
1303 1153 1571 1218 quartum
1627 1148 1690 1205 in
1751 1148 1905 1205 circo
1963 1147 2117 1206 diem
2172 1150 2432 1208 ludorum
2470 1150 2558 1207 Ro·
2624 1222 2625 1225 Ἴ

366 1252 664 1294 manorum
705 1234 923 1293 fuisse?
979 1240 1039 1292 te
1096 1239 1291 1292 autem
1336 1235 1521 1307 ipsum
1557 1235 1632 1293 ad
1675 1236 1954 1309 populum
2013 1236 2250 1312 tulisse,
2312 1244 2377 1296 ut
2424 1239 2557 1311 quin-
2624 1258 2625 1301 3

367 1330 459 1382 tus
512 1330 827 1397 praeterea
877 1323 1003 1380 dies
1049 1320 1287 1380 Caesari
1346 1323 1750 1382 tribueretur?
1842 1323 1959 1382 Cur
2014 1342 2130 1383 non
2185 1343 2381 1384 sumus
2421 1341 2550 1399 prae·
2624 1328 2625 1391 ξ

365 1414 611 1470 textati‘?
701 1411 818 1470 Cur
877 1413 1154 1469 honorem
1202 1410 1442 1468 Caesari
1501 1418 1602 1469 tua
1639 1413 1772 1485 lege
1814 1412 2011 1470 datum
2057 1414 2256 1473 deseri
2300 1415 2549 1488 patimur?

364 1517 440 1558 an
497 1501 943 1574 supplicationes
998 1498 1264 1557 addendo
1325 1500 1479 1557 diem
1533 1501 1914 1558 contaminari
1979 1518 2186 1573 passus
2255 1520 2347 1577 eS,
2405 1502 2561 1576 pulvi-

363 1592 530 1647 naria
575 1589 957 1647 contaminari
974 1582 1026 1666 3)
1073 1587 1308 1645 noluisti
1325 1591 1354 1644 ‘a’
1440 1590 1560 1647 Aut
1615 1588 1876 1661 undique·
1915 1590 2261 1663 religionem
2307 1592 2440 1648 tolle
2484 1595 2565 1648 aut¹
2624 1610 2625 1659 3

220 1682 339 1737 111
363 1693 545 1750 usque
603 1694 828 1749 quaque
890 1692 1182 1734 conserva.
1278 1675 1522 1746 Quaeris
1578 1678 1889 1750 placeatne
1947 1678 2089 1735 mihi
2126 1679 2393 1750 pulvinar
2437 1694 2564 1749 esse,
2624 1742 2625 1751 χ

363 1764 688 1840 fastigium,
747 1764 1055 1824 flaminem.
1142 1763 1290 1821 Mihi
1354 1781 1489 1823 vero
1547 1766 1694 1822 nihil
1752 1765 1993 1823 istorum
2052 1767 2279 1837 placet:
2336 1766 2433 1824 sed
2490 1772 2561 1837 tu,
2624 1788 2625 1799 ι

363 1855 461 1926 qui
506 1860 639 1913 acta
669 1853 934 1912 Caesaris
979 1850 1272 1926 defendiS,
1320 1852 1457 1925 quid
1501 1860 1668 1926 potes
1715 1853 1941 1926 dicere,
1987 1868 2090 1911 cur
2133 1856 2255 1912 alia
2294 1853 2565 1926 defendas

364 1943 478 2000 alia
523 1960 639 2000 non
685 1944 893 2001 cures?
953 1940 1067 1999 nisi
1110 1939 1259 1998 forte
1306 1941 1392 1998 vis
1438 1941 1614 2000 fateri
1658 1947 1719 1999 te
1765 1942 1957 1999 omnia
2003 1949 2254 2013 quaestu
2293 1949 2422 2017 tu0,
2462 1959 2565 2000 non

285 2026 288 2031 ’
361 2031 518 2088 illius
562 2031 844 2104 dignitate
888 2029 1098 2087 metiri.
1190 2027 1341 2100 Quid
1383 2029 1456 2087 ad
1488 2030 1633 2087 haec
1664 2030 1938 2088 tandem?
1985 2061 2068 2071 ·—
2117 2039 2390 2104 exspecto
2432 2031 2565 2088 enim

365 2118 757 2192 eloquentiam
809 2124 967 2175 tuam
979 2111 1063 2197 ‡4):
1141 2116 1583 2175 disertissimum
1647 2120 1886 2192 cognovi
1939 2134 2111 2176 avum
2170 2124 2363 2196 tuum,
2422 2125 2479 2177 at
2515 2124 2564 2174 te

362 2207 541 2265 etiam
586 2208 938 2281 apertiorem
983 2208 1046 2263 in
1091 2205 1369 2279 dicend03
1428 2207 1529 2266 ille
1576 2223 1885 2280 numquam
1926 2208 2116 2265 nudus
2164 2215 2255 2266 est
2293 2210 2565 2267 contiona-

362 2302 481 2371 tuS,
540 2301 705 2353 tunm
760 2296 1006 2353 hominis
1066 2294 1341 2366 simplicis
1385 2302 1589 2368 pectus
1639 2294 1882 2353 vidimus
1955 2320 2061 2353 -—:
2132 2297 2567 2370 respondebisne

362 2384 438 2441 ad
476 2384 653 2457 haec,
711 2389 814 2441 aut
865 2384 1093 2441 omnino
1141 2382 1370 2441 hiscere
1433 2383 1717 2441 audebis?
1781 2383 1985 2456 ecquid
2040 2386 2306 2458 reperies
2353 2402 2422 2444 ex
2466 2391 2570 2441 tam

361 2472 535 2545 longa
595 2472 854 2530 oratione
914 2488 1079 2546 mea,
1140 2473 1236 2528 cui
1304 2476 1366 2528 te
1434 2471 1790 2544 respondere
1853 2488 2025 2545 posse
2092 2470 2380 2530 confidas?
2466 2470 2573 2531 Sed

360 2561 685 2633 praeterita
729 2561 1079 2619 omittamus.

255 2649 345 2713 44
537 2648 706 2706 Hunc
766 2665 940 2706 unum
999 2648 1182 2720 diem,
1239 2664 1441 2722 unum,
1500 2647 1769 2722 inquam,
1825 2649 2164 2707 hodiernum
2226 2646 2410 2722 diem,
2465 2647 2574 2705 hoc

218 2742 339 2799 112
359 2742 637 2808 punctum
680 2737 986 2810 temporie,
1041 2751 1152 2808 quo
1209 2736 1447 2810 loquor,
1510 2734 1794 2808 defende,
1859 2738 1908 2794 si
1953 2742 2138 2809 poteS.
2227 2734 2348 2794 Cur
2394 2752 2576 2793 arma-
2624 2801 2625 2804 Ἴ

360 2830 548 2882 torum
606 2841 817 2883 corona
875 2828 1111 2883 senatus
1170 2829 1404 2897 saeptus
1465 2827 1592 2880 est‘?
1658 2840 1760 2881 cur
1821 2842 1913 2883 me
1987 2825 2070 2883 tui
2117 2825 2399 2882 satellites
2455 2842 2575 2882 cum

360 2912 567 2986 gladiis
608 2913 849 2971 audiunt
866 2916 894 2969 ⁴?
954 2930 1056 2969 cur
1098 2912 1306 2969 valvae
1355 2910 1710 2972 Concordiae
1756 2930 1872 2970 non
1915 2916 2166 2987 patent?
2255 2929 2362 2971 cur
2405 2913 2575 2970 homi-

357 3017 461 3059 nes
508 3003 761 3060 omnium
805 3002 1062 3075 gentium
1107 3000 1356 3057 maxime
1415 2999 1726 3073 barbarOS,
1784 3000 2051 3058 Ituraeos
2072 2996 2156 3080 5),
2213 2997 2373 3057 cum'
2409 3002 2576 3074 sagit-

357 3090 431 3147 tis
478 3088 715 3147 deducis
759 3091 819 3148 in
864 3087 1091 3147 forum?
1179 3087 1468 3146 Praesidii
1514 3088 1602 3145 sui
1649 3104 1824 3145 causa
1867 3106 1931 3147 se
1962 3088 2160 3147 facere
2205 3089 2367 3147 dicit.
2456 3091 2577 3147 Non

353 3179 533 3252 igitur
578 3179 807 3236 miliens
843 3179 1040 3251 perire
1088 3182 1178 3235 est
1223 3177 1431 3234 melius
1486 3192 1656 3247 quam
1696 3177 1758 3233 in
1797 3194 1900 3235 sua
1946 3178 2184 3237 civitate
2233 3177 2362 3235 sine
2401 3193 2580 3235 arma-

354 3271 547 3324 torum
590 3266 885 3341 praesidio
932 3282 1047 3324 non
1095 3281 1267 3337 posse
1310 3265 1556 3322 vivere?
1645 3264 1761 3323 Sed
1804 3267 2028 3323 nullum
2069 3271 2160 3323 est
2202 3266 2388 3339 istud,
2447 3264 2581 3322 mihi
2624 3273 2625 3280 ’

355 3355 559 3429 crede,
619 3354 1002 3429 praesidium:
1066 3354 1308 3411 caritate
1369 3358 1429 3411 te
1456 3347 1459 3348 ⁷
1489 3359 1548 3410 et
1594 3353 2016 3414 „benevolentia
2061 3352 2273 3409 civium
2319 3358 2583 3425 saeptum
2624 3355 2625 3412 Ξ

531 3618 584 3684 1)
618 3616 983 3686 ιἠααρωανὶε
1015 3615 1205 3682 Halm,
1237 3615 1380 3684 quod
1416 3618 1474 3669 in
1500 3616 1624 3669 Vat.
1664 3618 1747 3669 est
1781 3615 2196 3683 ireauyurara85
2232 3610 2373 3680 vulg.
2408 3609 2588 3663 inau-

348 3700 572 3755 gurare.
785 3688 838 3755 2)
876 3687 964 3741 Sic
1001 3687 1153 3751 Vat.;
1201 3687 1350 3755 vulg.
1385 3703 1445 3740 ex
1481 3690 1606 3740 cett.
1645 3685 1798 3739 codd.
1836 3684 2088 3753 tyranni.
2303 3684 2358 3750 3)
2395 3686 2589 3735 conta-

352 3757 563 3810 minari
599 3755 749 3810 deest
779 3758 835 3811 in
862 3762 987 3814 cett.
1017 3757 1167 3812 codd.
1194 3761 1409 3827 praeter
1434 3758 1582 3821 Vat„
1623 3774 1722 3810 om.
1748 3755 2051 3825 Eberhard,
2091 3755 2200 3807 alii.
2341 3754 2398 3821 4)
2427 3758 2592 3806 tuam

355 3843 539 3879 omnes
600 3827 749 3881 codd.
816 3844 918 3881 om.
982 3831 1194 3900 praeter
1247 3845 1412 3882 unum
1463 3829 1681 3893 Bamb.,
1748 3826 1840 3880 ubi
1895 3828 1978 3879 est
2038 3824 2255 3895 punctis
2313 3826 2591 3877 notatum.

354 3900 409 3963 5)
447 3897 701 3951 Ituraeos
740 3898 801 3951 O.
838 3899 1059 3964 Miiller,
1097 3900 1280 3954 Herm.
1316 3899 1394 3963 X,
1435 3900 1564 3962 120,
1602 3896 1880 3952 Eberhard
1915 3914 2038 3951 unc.
2073 3895 2199 3948 incl.

2623 3975 2625 4012 l

2624 4023 2625 4066 l
