2669 4354
450 229 577 287 330
1211 245 1492 287 Accvsxr.
1538 248 1605 287 m
1619 294 1630 304 ..
1653 247 1904 287 VERREM

447 425 539 476 tus
586 419 827 491 Sopatro
871 435 1211 491 responsum
1270 420 1490 477 nullum
1550 420 1679 494 dat,
1740 422 1844 479 sed
1907 428 2219 480 commotus
2268 421 2616 494 perturbatus-

445 522 556 578 que
600 505 861 564 discedit.
966 508 1072 564 Ille
1129 509 1415 580 praetoris
1473 509 1782 566 arcessitus
1845 511 2047 568 nuntio
2094 526 2217 567 rem
2278 510 2621 578 demonstran

341 589 622 668 40negat
669 595 786 652 ullo
832 594 999 653 modo
1043 594 1172 653 fieri
1228 611 1415 667 posse.
1520 596 1711 668 Atque
1768 597 1916 654 haec
2087 598 2232 654 nihil
2290 599 2438 655 enim
2480 612 2620 669 prae-

343 683 423 740 86
445 683 879 740 termittendum
926 682 998 741 de
1044 684 1208 742 istius
1253 682 1613 756 impudentia
1658 683 1888 742 videtur
1927 717 2006 725 ———
2056 685 2380 756 agebantur
2420 687 2475 742 in
2515 700 2621 741 con·

446 776 619 828 ventu
639 815 655 844 ,
728 770 948 844 palam,
1024 771 1097 829 de
1157 772 1301 829 sella
1371 787 1440 828 ac
1501 770 1574 829 de
1627 772 1753 830 loco
1827 774 2142 845 superiore.
2261 773 2409 832 Erat
2472 772 2622 829 hiems

443 874 693 932 summa,
750 863 1096 932 tempestae,
1158 865 1221 916 ut
1283 860 1470 931 ipsum
1516 858 1820 930 Sopatrum
1869 861 2066 918 dicere
2124 859 2394 934 audistiS,
2450 857 2622 933 perfri-

442 946 608 1020 gida,
660 946 846 1004 imber
889 948 1191 1019 maximuS,
1240 964 1371 1004 cum
1416 948 1526 1003 iste
1572 947 1822 1018 imperat
1867 948 2194 1021 lictoribuS,
2247 954 2309 1006 ut
2358 948 2621 1021 Sopatrum

441 1033 514 1092 de
560 1036 789 1106 porticu
807 1079 821 1107 ,
867 1036 927 1091 in
972 1051 1085 1106 qua
1128 1036 1251 1106 ipse
1304 1034 1576 1107 sedebat,
1636 1035 2018 1107 praecipitem
2066 1037 2126 1093 in
2169 1036 2357 1094 forum
2402 1036 2625 1095 deiciant

440 1123 770 1194 nudumque
817 1123 1180 1182 constituant.
1285 1123 1395 1180 Vix
1450 1128 1577 1179 erat
1634 1123 1743 1180 hoc
1787 1123 1959 1194 plane
1980 1117 2031 1204 l)
2091 1125 2471 1198 imperatum,
2524 1140 2625 1180 cum

437 1210 601 1266 illum
656 1209 980 1283 spoliatum
1014 1210 1402 1282 stipatumque
1448 1210 1743 1268 lictoribus
1796 1211 2039 1270 videres,
2142 1211 2357 1270 Omnes
2412 1212 2470 1270 id
2526 1209 2624 1268 fore

437 1297 749 1371 putabant,
824 1303 887 1355 ut
944 1299 1118 1355 miser
1175 1305 1350 1370 atque
1412 1298 1691 1355 innocens
1751 1299 1927 1372 virgis
1992 1299 2374 1357 caederetur:
2450 1297 2628 1356 fefellit

438 1385 532 1441 hic
552 1379 604 1463 ²)
648 1385 905 1443 homines
952 1386 1163 1458 opinio.
1263 1386 1456 1459 Virgis
1508 1386 1620 1442 iste
1683 1374 1957 1444 caederet
2019 1388 2143 1446 sine
2203 1404 2383 1445 causa
2445 1387 2625 1446 socium

436 1473 629 1544 populi
689 1473 931 1531 Romani
992 1479 1166 1545 atque
1222 1475 1512 1530 amicum?
1616 1473 1745 1531 Non
1810 1489 1990 1546 usque
2053 1491 2122 1533 eo
2185 1480 2275 1532 est
2336 1473 2655 1548 improbus„

436 1577 550 1617 non
609 1561 802 1619 omnia
856 1567 989 1619 sunt
1045 1562 1106 1618 in
1154 1577 1268 1619 uno
1326 1562 1491 1631 vitia3
1551 1577 1861 1633 numquam
1920 1561 2031 1619 fuit
2088 1563 2375 1621 crudelis:
2451 1562 2655 1621 leniter.

434 1647 723 1707 hominem
768 1649 1200 1721 clementerque
1261 1650 1503 1721 accepit.
1623 1649 1938 1720 Equestres
1996 1655 2128 1708 sunt
2184 1651 2380 1708 medio
2429 1652 2488 1709 in
2527 1648 2626 1707 foro

432 1736 842 1795 Marcellorum
894 1742 1121 1795 statuae
1140 1780 1156 1809 ,
1218 1738 1367 1794 sicut
1419 1737 1543 1794 fere
1601 1738 1814 1794 ceteris
1875 1737 1937 1793 in
1987 1737 2211 1809 oppidis
2257 1738 2521 1811 Siciliae3
2571 1754 2655 1794 ex¹

431 1825 639 1895 quibus
695 1825 804 1882 iste
851 1824 911 1883 C.
959 1825 1225 1882 Marcelli
1284 1830 1533 1882 statuam
1598 1823 1841 1897 delegit,
1899 1825 2060 1883 cuius
2117 1823 2307 1883 officia
2372 1828 2433 1884 in
2491 1825 2655 1882 illam¹

433 1913 725 1970 civitatem
792 1918 1083 1984 totamque
1156 1913 1512 1984 provinciam
1566 1913 1966 1971 recentissima
2030 1918 2197 1970 erant
2261 1919 2322 1971 et
2392 1915 2627 1972 maxima.

430 2001 499 2056 In
545 2017 616 2058 ea
645 1999 976 2074 Sopatrum,
1023 2001 1311 2058 hominem
1359 2016 1487 2058 cum
1524 2000 1680 2059 domi
1722 1999 2004 2070 nobilem,
2051 2007 2170 2058 tum
2201 2017 2429 2060 summo
2472 2001 2627 2073 magi·

330 2088 408 2146 87
430 2092 615 2146 stratu
660 2088 1015 2160 praeditum,
1062 2088 1371 2146 divaricari
1409 2105 1479 2146 ac
1523 2087 1766 2160 deligari
1809 2087 1991 2145 iubet.
2101 2087 2224 2158 Quo
2271 2091 2533 2148 cruciatu
2568 2089 2628 2146 sit

429 2174 710 2251 adfectuS,
755 2179 952 2234 venire
990 2177 1052 2234 in
1102 2183 1354 2235 mentem
1392 2193 1633 2235 necesse
1680 2183 1769 2234 est
1812 2176 2100 2250 omnibuS,
2158 2194 2288 2234 cum
2331 2185 2490 2237 esset
2527 2177 2625 2234 vin·

431 2270 556 2321 ctus
602 2264 787 2321 nudus
832 2265 893 2322 in
940 2271 1074 2324 aere
1099 2262 1177 2339 3),
1224 2266 1284 2322 in
1329 2264 1530 2338 imbri,
1576 2266 1637 2322 in
1681 2262 1917 2335 frigore.
2021 2264 2226 2336 Neque
2274 2271 2477 2325 tamen
2517 2262 2625 2321 finis

427 2351 563 2408 huic
606 2351 854 2410 iniuriae
902 2353 1344 2425 crudelitatique
1389 2350 1597 2424 fiebat,
1635 2351 1819 2409 donec
1862 2353 2110 2424 populus
2155 2357 2332 2424 atque
2381 2354 2623 2412 universa

428 2439 732 2498 multitudo
795 2437 1100 2500 atrocitate
1156 2442 1243 2499 rei
1298 2439 1809 2511 misericordiaque
1862 2446 2144 2498 commota
2205 2447 2476 2500 senatum
2530 2441 2625 2498 cla·

427 2543 585 2585 more
654 2530 869 2602 coegit,
961 2534 1023 2586 ut
1091 2529 1188 2587 isti
1253 2528 1618 2586 simulacrum
1685 2527 1828 2585 illud
1894 2527 2172 2585 Mercurii
2243 2529 2624 2600 polliceretur.

426 2614 768 2674 Clamabant
811 2616 964 2695 fore,
1006 2620 1070 2673 ut
1111 2617 1221 2688 ipsi
1268 2633 1329 2674 se
1349 2608 1404 2694 4)
1449 2615 1507 2673 di
1552 2615 1908 2673 immortales
1952 2615 2405 2674 ulciscerentur:
2466 2616 2655 2674 homi-¹

422 2720 555 2762 nem
606 2705 834 2763 interea
893 2704 1086 2775 perire
1148 2706 1513 2762 innocentem
1575 2720 1692 2762 non
1753 2708 2038 2779 oportere.
2157 2702 2306 2759 Tum
2368 2705 2627 2776 frequens

422 2797 657 2850 senatus
704 2791 778 2849 ad
823 2794 996 2849 istum
1041 2792 1228 2865 venit,
1275 2792 1581 2863 pollicetur
1625 2791 1864 2864 signum.
1955 2792 2046 2848 Ita
2105 2790 2354 2862 Sopater
2406 2792 2481 2850 de
2525 2796 2655 2849 sta-¹

419 2883 520 2936 tua
566 2879 625 2937 C.
657 2880 951 2952 Marcelli,
1000 2896 1127 2937 cum
1173 2881 1290 2937 iam
1334 2896 1523 2951 paene
1566 2879 1937 2952 obriguisset,
1983 2879 2075 2936 vix
2114 2878 2276 2936 vivus
2312 2878 2591 2938 aufertur.

312 2967 398 3033 41
592 2968 724 3026 Non
765 2983 994 3040 possum
1038 2968 1315 3040 disposite
1361 2969 1533 3025 istum
1581 2983 1886 3039 accusare,
1951 2966 1999 3023 si
2041 2966 2298 3038 cupiam:
2362 2983 2508 3040 opus
2553 2965 2655 3024 est

314 3064 394 3121 88
418 3071 532 3113 non
600 3057 781 3114 solum
848 3057 1114 3129 ingenio,
1194 3072 1394 3113 verum
1464 3056 1639 3113 etiam
1707 3052 1954 3112 artificio
2021 3053 2268 3126 quodam
2344 3054 2631 3129 singulari.

416 3142 603 3201 Unum
663 3143 772 3202 hoc
818 3143 1035 3202 crimen
1081 3143 1308 3201 videtur
1355 3160 1482 3202 esse
1541 3148 1599 3201 et
1660 3158 1694 3200 a
1756 3159 1846 3200 me
1901 3158 2005 3213 pro
2064 3158 2178 3199 uno
2237 3142 2503 3216 ponitur,
2565 3141 2655 3198 de,

413 3231 709 3294 Mercurio
755 3231 1145 3305 Tyndaritano
1168 3226 1247 3312 ⁵):
1307 3231 1475 3303 plura
1534 3237 1696 3303 sunt,
1755 3229 1858 3287 sed
1918 3245 1990 3287 ea
2041 3246 2153 3300 quo
2198 3235 2373 3302 pacto
2436 3230 2655 3300 distin·¹

412 3335 595 3390 guere
656 3336 724 3377 ac
785 3335 1060 3392 separare
1116 3320 1333 3392 possim
1390 3319 1601 3377 nescio.
1718 3318 1826 3375 Est
1883 3318 2255 3389 pecuniarum
2315 3323 2629 3388 captarum,

413 3407 561 3477 quod
609 3408 832 3480 signum
878 3408 952 3466 ab
1000 3407 1170 3465 sociis
1222 3409 1507 3479 pecuniae
1565 3422 1808 3479 magnae
1856 3404 2112 3463 sustulit:
2177 3410 2265 3462 est
2309 3407 2629 3476 peculatus.

413 3494 564 3565 quod
601 3495 893 3567 publicum
932 3496 1130 3568 populi
1159 3495 1403 3554 Romani
1447 3495 1701 3568 signum,
1748 3493 1822 3551 de
1852 3492 2070 3565 praeda
2100 3493 2350 3550 hostium
2381 3500 2625 3566 captum,
2654 3557 2655 3560 Ἴ

555 3719 607 3783 1)
645 3718 809 3769 etiam
846 3719 967 3773 add.
1008 3737 1070 3773 ex
1107 3719 1273 3774 deter.
1313 3718 1462 3773 codd.
1493 3714 1783 3771 Eberhard.
1906 3713 1960 3782 2)
1998 3712 2133 3766 haec
2167 3712 2348 3782 vulgo.
2468 3713 2526 3778 3)
2566 3713 2623 3763 in

411 3802 536 3839 aere
582 3787 691 3839 alii.
855 3790 911 3855 4)
965 3790 1077 3855 ipsi
1122 3806 1233 3843 sese
1275 3790 1438 3842 Halm
1491 3805 1552 3842 ex
1605 3787 1770 3841 deter.
1823 3785 1996 3848 oodd.;
2049 3786 2170 3851 ipse
2220 3800 2277 3836 se
2323 3782 2433 3837 cod.
2489 3783 2626 3850 Reg.

411 3860 466 3927 5)
506 3857 568 3910 de
606 3857 883 3912 Mercurio
922 3859 1306 3929 Tyndaritano
1346 3861 1497 3914 uncis
1531 3860 1719 3911 inclus.
1757 3857 1929 3919 Bake,
1969 3855 2260 3909 Eberhard.
