2669 4354
722 249 834 287 Pno
878 248 1007 289 sEx.
1054 248 1262 288 Roscro
1306 249 1600 289 AMERINO.
2047 304 2052 307 .
2190 237 2269 293 23

58 421 150 478 ubi
196 425 364 478 sunt?
452 420 920 496 Chrysogonum,
982 421 1229 495 iudiceS,
1273 427 1598 497 sectantur3
1659 422 1813 494 apud
1859 440 1991 480 eum
2036 428 2168 481 sunt
2210 424 2273 480 in

58 509 265 566 honore
312 514 373 567 et
415 510 478 566 in
516 511 727 582 pretio,
798 509 993 568 Etiam
1035 527 1187 567 nunc
1216 515 1278 567 ut
1306 528 1379 569 ex
1409 511 1481 566 iis
1512 516 1842 584 quaeratur,
1891 527 1998 582 ego
2031 512 2272 584 postulo,

58 597 146 653 hic
190 603 319 655 orat
360 603 536 669 atque
582 597 865 658 obsecrat.
957 597 1104 669 Quid
1148 597 1383 656 facitis?
1429 616 1530 655 cur
1574 599 1903 656 recusatis?
1992 599 2270 657 Dubitate
2296 604 2375 660 78

61 686 227 742 etiam
281 701 462 757 nunc,
507 685 766 759 iudices,
812 686 862 742 si
899 686 1167 758 potestiS,
1210 702 1247 745 a
1286 703 1398 758 quo
1449 687 1524 743 sit
1566 685 1692 745 Sex.
1729 676 1972 744 Roscius
2023 688 2271 744 occisus:

59 773 127 829 ab
180 789 357 847 eone,
422 773 520 845 qui
581 778 819 845 propter
869 774 1027 831 illius
1100 777 1345 830 mortem
1404 773 1465 829 in
1532 777 1793 847 egestate
1856 779 1916 831 et
1971 775 2193 831 insidiis
2222 769 2271 852 1)

58 866 332 934 versatur,
395 861 489 918 cui
554 878 631 918 ne
700 862 1018 933 quaerendi
1093 861 1325 933 quidem
1393 861 1465 918 de
1535 865 1721 918 morte
1774 863 1957 932 patris
2014 867 2273 934 potestas

57 949 418 1022 permittitur,
466 963 542 1005 an
589 948 662 1005 ab
707 949 806 1022 iis,
856 951 954 1021 qui
1001 950 1401 1020 quaestionem
1434 946 1715 1022 fugitant,
1761 949 1912 1006 bona
1956 949 2272 1022 possident,

59 1036 114 1092 in
160 1037 335 1095 caede
381 1043 558 1108 atque
607 1054 677 1094 ex
724 1037 904 1094 caede
950 1037 1161 1094 vivunt.
1254 1036 1487 1109 Omnia,
1545 1035 1794 1110 iudices,
1839 1037 1900 1093 in
1945 1036 2054 1095 hac
2101 1054 2274 1094 causa

59 1127 186 1180 sunt
242 1125 457 1182 misera
525 1129 696 1195 atque
766 1124 1035 1197 indigna,
1104 1129 1297 1182 tamen
1364 1123 1472 1180 hoc
1540 1124 1683 1181 nihil
1750 1140 1938 1196 neque
2009 1125 2274 1182 acerbius

59 1227 241 1283 neque
295 1212 546 1284 iniquius
615 1211 863 1284 proferri
907 1217 1130 1284 potest:
1176 1212 1375 1268 mortis
1420 1217 1698 1282 paternae
1746 1212 1817 1270 de
1865 1213 2046 1270 servis
2082 1217 2275 1284 pater-

60 1300 142 1356 nis
210 1301 608 1371 quaestionem
673 1299 891 1358 habere
959 1299 1075 1357 filio
1142 1316 1259 1356 non
1318 1299 1474 1356 licet.
1564 1300 1652 1357 Ne
1715 1305 1832 1357 tam
1889 1300 1988 1358 diu
2043 1300 2276 1372 quidem

61 1385 311 1445 dominus
377 1388 492 1445 erit
552 1388 613 1444 in
668 1405 832 1461 suOS,
893 1387 1029 1445 dum
1092 1404 1164 1445 ex
1209 1388 1281 1444 iis
1325 1387 1398 1444 de
1455 1387 1637 1459 patris
1682 1392 1868 1444 morte
1916 1391 2275 1459 quaeratur?

61 1473 321 1547 Veniam,
383 1493 576 1546 neque
622 1475 704 1532 ita
743 1477 918 1533 multo
958 1480 1119 1548 post,
1177 1474 1249 1532 ad
1296 1475 1448 1531 hunc
1494 1475 1719 1548 locum3
1765 1492 1896 1532 nam
1935 1475 2044 1532 hoc
2088 1480 2275 1532 totum

61 1562 129 1618 ad
171 1561 402 1620 Roscios
447 1564 734 1637 pertinet,
782 1562 854 1619 de
904 1579 1143 1634 quorum
1188 1562 1433 1619 audacia
1481 1567 1599 1619 tum
1638 1579 1731 1619 me
1777 1563 2064 1620 dicturum
2106 1563 2272 1634 polli-

62 1650 199 1707 citus
242 1667 398 1724 sum,
445 1668 574 1708 cum
620 1651 821 1708 Erucii
868 1651 1110 1707 crimina
1157 1648 1467 1707 diluissem.

225 1738 423 1812 Nune,
484 1739 695 1810 Eruci,
742 1739 815 1796 ad
861 1744 921 1795 te
969 1739 1154 1795 venio.
1246 1737 1567 1794 Conveniat
1612 1738 1751 1794 mihi
1797 1742 1987 1794 tecum
2030 1753 2270 1796 necesse
2295 1733 2383 1800 29

65 1830 172 1898 est,
228 1827 274 1882 si
309 1826 384 1884 ad
429 1828 583 1884 hunc
628 1824 971 1883 maleficium
1030 1826 1182 1883 istud
1224 1825 1509 1899 pertinet,
1574 1830 1674 1882 aut
1719 1826 1905 1897 ipsum
1952 1842 2055 1883 sua
2100 1843 2273 1883 manu
2297 1830 2375 1885 79

65 1912 289 1986 fecisse,
350 1914 412 1972 id
476 1914 628 1987 quod
697 1930 908 1987 negaS,
988 1918 1088 1971 aut
1153 1931 1260 1985 per
1326 1913 1549 1984 aliquos
1616 1913 1831 1970 liberos
1892 1917 1993 1970 aut
2059 1928 2270 1970 servos,

69 1999 415 2059 Liberosne‘?
483 2019 622 2074 quos
667 2019 854 2073 neque
898 2007 962 2058 ut
1008 2002 1310 2058 convenire
1362 2001 1615 2071 potuerit
1658 2017 1845 2072 neque
1885 2018 1997 2072 qua
2045 2002 2271 2058 ratione

72 2088 327 2146 inducere
373 2106 564 2162 neque
613 2090 714 2147 ubi
741 2106 929 2161 neque
969 2106 1077 2161 per
1108 2106 1246 2160 quos
1284 2105 1472 2159 neque
1511 2104 1623 2160 qua
1669 2105 1771 2160 spe
1805 2093 1907 2146 aut
1946 2107 2055 2160 quo
2083 2091 2274 2161 pretio

73 2182 219 2246 potes
274 2180 604 2237 ostendere.
707 2177 836 2251 Ego
895 2185 1097 2236 contra
1168 2175 1409 2234 ostendo
1472 2194 1586 2233 non
1642 2176 1809 2235 modo
1864 2176 2008 2235 nihil
2074 2195 2274 2235 eorum

74 2261 259 2322 fecisse
292 2266 418 2323 Sex.
452 2267 755 2339 Roscium,
801 2265 905 2323 sed
950 2266 1322 2337 nepotuisse
1371 2265 1603 2337 quidem
1642 2264 1856 2339 facere,
1903 2266 2052 2337 quod
2084 2282 2272 2338 neque

73 2349 271 2410 Romae
331 2356 526 2411 multis
587 2354 752 2412 annis
814 2353 989 2410 fuerit
1042 2370 1230 2424 neque
1287 2351 1360 2409 de
1417 2353 1670 2424 praediis
1729 2370 1995 2425 umquam
2053 2358 2274 2411 temero

74 2438 404 2499 discesserit.
511 2441 757 2499 Restare
806 2442 912 2498 tibi
964 2440 1269 2499 videbatur
1314 2457 1610 2498 servorum
1657 2457 1897 2514 nomen,
1956 2457 2067 2513 quo
2111 2442 2275 2512 quasi

75 2526 126 2582 in
161 2535 376 2598 portum
421 2531 674 2587 reiectus
720 2546 756 2586 a
800 2529 1016 2587 ceteris
1063 2528 1488 2601 suspicionibus
1535 2527 1849 2600 confugere
1896 2545 2127 2601 posses3
2176 2529 2276 2586 ubi

74 2617 346 2685 scopulum
397 2616 640 2676 offendis
687 2617 812 2674 eius
857 2617 1044 2689 modi,
1106 2622 1170 2673 ut
1228 2633 1344 2673 non
1388 2615 1558 2672 modo
1597 2615 1669 2673 ab
1714 2616 1823 2674 hoc
1871 2617 2089 2673 crimen
2132 2617 2275 2674 resi-

73 2701 169 2759 lire
210 2704 430 2778 videas,
478 2723 680 2763 verum
724 2721 951 2762 omnem
997 2704 1386 2776 suspicionem
1441 2703 1502 2759 in
1549 2710 1770 2762 vosmet
1815 2705 1967 2776 ipsos
2010 2706 2275 2763 recidere

75 2788 378 2863 intellegas,
484 2792 631 2863 Quid
691 2809 830 2863 ergo
887 2795 1016 2850 est?
1085 2808 1196 2863 quo
1243 2790 1478 2848 tandem
1524 2797 1823 2849 accusator
1867 2793 2064 2862 inopia
2108 2809 2276 2865 argu·
2299 2795 2381 2849 80

76 2883 375 2938 mentorum
428 2879 686 2951 confugit
703 2873 793 2959 2)‘?
899 2878 1073 2937 ‘Eius
1137 2879 1289 2935 modi
1363 2884 1588 2950 tempus
1656 2884 1785 2935 erat
1801 2874 1833 2951 ',
1891 2879 2106 2952 inquit,
2183 2878 2279 2936 ‘ut

76 2963 315 3025 homines
359 2969 529 3041 vulgo
570 2968 804 3039 impune
850 2966 1274 3040 occiderentur,
1321 2981 1501 3038 quare
1549 2966 1656 3023 hoc
1701 2970 1764 3022 tu
1810 2971 2049 3038 propter
2089 2967 2280 3023 multi-

76 3052 312 3112 tudinem
366 3056 707 3114 sicariorum
769 3057 927 3113 nullo
991 3054 1223 3127 negotio
1279 3053 1476 3112 facere
1535 3049 1810 3126 potuisti?
1913 3053 2207 3110 Interdum
2228 3048 2280 3132 3)

78 3141 202 3198 mihi
249 3143 490 3218 videriS,
545 3143 756 3216 Eruci,
814 3159 930 3201 una
992 3142 1262 3200 mercede
1311 3141 1455 3199 duas
1516 3158 1611 3198 res
1657 3142 1897 3213 adsequi
1941 3142 2120 3215 velle,
2177 3158 2280 3199 nos

78 3226 268 3287 iudicio
322 3230 700 3303 pessumdare
722 3224 795 3310 4),
861 3247 1137 3289 accusare
1186 3234 1379 3287 autem
1427 3247 1526 3288 eos
1571 3231 1751 3302 ipsos,
1794 3246 1829 3287 a
1873 3229 2080 3302 quibus
2130 3247 2281 3287 mer-

81 3316 260 3374 cedem
312 3320 607 3391 accepisti.
709 3318 859 3390 Quid
924 3320 1055 3376 ais?
1120 3320 1290 3390 volgo
1345 3318 1797 3375 occidebantur?
1884 3318 1999 3375 Per
2045 3334 2185 3389 quos
2223 3322 2284 3375 et

80 3417 110 3457 a
157 3404 391 3476 quibus?
482 3407 692 3465 Nonne
753 3407 974 3479 cogitas
1036 3411 1094 3464 te
1153 3423 1188 3463 a
1235 3405 1557 3464 sectoribus
1604 3406 1714 3463 huc
1762 3405 2070 3463 adductum
2115 3411 2283 3463 esse?

239 3659 289 3724 1)
337 3656 400 3708 in
452 3654 675 3708 insidiis
726 3657 905 3710 Halm.
1119 3657 1173 3722 2)
1223 3652 1468 3720 confuyit
1505 3653 1693 3705 Halm:
1749 3654 2052 3721 confuyerit
2100 3655 2279 3721 vulgo·

87 3726 130 3791 3)
164 3726 447 3780 Interdum
489 3726 603 3781 cod.
648 3727 856 3781 Ursini:
909 3726 1141 3780 Interim
1186 3724 1364 3792 vulgo,
1587 3725 1642 3790 4)
1686 3725 2037 3789 pessumdare
2086 3725 2281 3791 Trojel‚

85 3796 621 3919 gggsseperfundere,
667 3797 806 3866 quod
853 3796 1093 3851 defendit
1129 3795 1295 3848 Kratz
1344 3811 1467 3847 ann.
1513 3794 1643 3861 phil.
1685 3795 1777 3859 93,
1827 3795 1956 3857 550,
2021 3794 2116 3846 alii
2153 3809 2280 3863 per-
