2669 4354
1225 810 1833 948 ORATIO

540 1010 686 1092 IN
773 1008 846 1090 L
938 1005 2539 1090 SfluzfllvilcmlTILINwlM

1350 1167 1708 1225 TERTIA

1483 1307 1576 1348 AD

1209 1426 1858 1513 QVIRITES.

365 1757 403 1821 1
422 1711 606 1822 Rem
650 1761 969 1835 publicam,
1017 1761 1305 1834 QuiriteS,
1356 1761 1650 1832 vitamque
1697 1761 1946 1819 omnium
1990 1767 2271 1837 vestrum,
2330 1764 2482 1822 bona
2520 1760 2604 1820 for-

366 1864 396 1917 1
422 1864 592 1917 tunas
607 1903 622 1932 ,
681 1858 953 1931 coniuges
1011 1857 1344 1930 liberosque
1389 1863 1611 1916 vestros
1658 1863 1831 1931 atque
1876 1858 1987 1915 hoc
2043 1858 2398 1918 domicilium
2443 1862 2603 1920 claris-

422 1948 551 2005 simi
596 1946 857 2020 imperii,
903 1943 1414 2004 fortunatissimam
1457 1946 2018 2018 pulcherrimamque
2067 1948 2296 2022 urbem,
2361 1950 2603 2008 hodierno

422 2036 517 2094 die
564 2034 802 2092 deorum
845 2035 1252 2092 immortalium
1294 2050 1511 2092 summo
1558 2050 1699 2108 erga
1736 2049 1835 2092 vos
1881 2051 2106 2109 amore,
2145 2036 2461 2113 laboribus,
2502 2053 2603 2095 con·

423 2123 600 2197 siliis,
660 2123 937 2196 periculis
982 2123 1128 2181 meis
1176 2140 1209 2181 e
1267 2120 1497 2181 flamma
1550 2128 1725 2195 atque
1771 2120 1927 2182 ferro
1974 2140 2043 2183 ac
2088 2140 2276 2197 paene
2325 2143 2404 2186 ex
2459 2125 2602 2185 fauci-

422 2212 530 2271 bus
583 2208 689 2269 fati
751 2216 1014 2285 ereptam
1072 2217 1133 2270 et
1189 2212 1351 2270 vobis
1412 2217 1811 2270 conservatam
1887 2227 1956 2269 ac
2017 2214 2347 2272 restitutam
2413 2214 2597 2275 videtis.

365 2301 400 2356 2
423 2300 502 2357 Et
557 2299 606 2357 si
668 2315 785 2356 non
839 2300 1030 2356 minus
1090 2299 1253 2358 nobis
1321 2300 1558 2357 iucundi
1624 2305 1797 2373 atque
1863 2301 2135 2359 inlustres
2198 2308 2330 2362 sunt
2397 2305 2440 2364 ii
2496 2304 2605 2373 dies

424 2387 631 2460 quibus
679 2402 1085 2447 conservamur
1102 2434 1115 2460 ,
1188 2405 1359 2461 quam
1413 2388 1498 2446 illi
1516 2433 1531 2462 ,
1606 2388 1810 2461 quibus
1854 2390 2162 2465 nascimur,
2236 2393 2398 2463 quod
2441 2390 2606 2451 salutis

422 2480 592 2534 certa
630 2475 854 2533 laetitia
898 2481 1011 2550 est,
1058 2476 1336 2535 nascendi
1382 2477 1607 2535 incerta
1649 2477 1936 2551 condicio,
1996 2482 2057 2536 et
2096 2478 2247 2551 quod
2294 2481 2430 2540 sine
2471 2494 2610 2541 sensu

420 2564 736 2637 nascimur,
783 2581 913 2622 cum
955 2565 1246 2637 voluptate
1294 2582 1617 2639 servamur,
1663 2564 1949 2639 profect0,
1998 2567 2268 2638 quoniam
2312 2569 2495 2643 illum,
2534 2567 2609 2641 qui

420 2653 571 2711 hanc
616 2651 817 2711 urbem
871 2652 1156 2726 condidit,
1218 2653 1291 2711 ad
1332 2653 1471 2711 deos
1515 2653 1870 2712 immortales
1914 2652 2327 2716 benevolentia
2370 2658 2606 2730 famaque

420 2737 782 2816 sustulimus,
829 2756 957 2798 esse
1005 2741 1157 2814 apud
1200 2757 1300 2799 vos
1346 2746 1720 2816 posterosque
1766 2747 1990 2800 vestros
2025 2743 2087 2801 in
2132 2743 2356 2805 honore
2405 2744 2609 2806 debebit

418 2830 502 2903 is,
558 2828 656 2901 qui
704 2829 949 2888 eandem
1005 2829 1156 2887 hanc
1208 2830 1412 2887 urbem
1460 2829 1748 2887 conditam
1803 2829 2324 2905 amplificatamque
2372 2833 2609 2894 servavit.

418 2918 568 2976 Nam
614 2918 721 2976 toti
779 2916 936 2992 urbi,
992 2918 1221 2992 templis
1279 2916 1566 2992 delubriS,
1627 2919 1798 2976 tectis
1861 2935 1929 2975 ac
1986 2919 2287 2979 moenibus
2348 2924 2610 2982 subiectos

416 3022 595 3080 prope
659 3004 774 3063 iam
826 3006 988 3079 ignes
1036 3005 1532 3079 circumdatosque
1592 3006 1985 3081 restinximus,
2052 3009 2360 3083 eidemque
2419 3010 2610 3085 gladios

418 3093 481 3151 in
543 3109 669 3151 rem
723 3094 1014 3169 publicam
1074 3095 1381 3153 destrictos
1445 3094 1790 3162 rettudimus
1857 3112 2279 3170 mucronesque
2341 3117 2539 3159 eorum
2586 3113 2611 3153 a

361 3184 398 3241 3
417 3182 628 3256 iugulis
672 3182 882 3241 vestris
929 3181 1242 3241 deiecimus
1264 3176 1332 3263 ¹).
1436 3183 1595 3254 Quae
1642 3183 1906 3256 quoniam
1951 3185 2013 3242 in
2056 3191 2263 3244 senatu
2308 3188 2608 3255 inlustrata,

416 3268 736 3345 patefacta,
801 3276 1095 3344 comperta
1141 3276 1272 3329 sunt
1314 3288 1423 3344 per
1466 3287 1586 3345 me,
1647 3270 1808 3329 vobis
1853 3272 1971 3329 iam
2017 3290 2299 3347 exponam
2356 3276 2611 3344 breviter,

419 3357 705 3432 QuiriteS,
762 3363 826 3417 ut
872 3364 934 3417 et
981 3365 1194 3432 quanta
1245 3363 1305 3417 et
1350 3376 1519 3431 quam
1563 3358 1873 3418 manifesta
1896 3353 1950 3441 2)
2012 3368 2070 3420 et
2117 3380 2227 3435 qua
2272 3366 2506 3424 ratione
2545 3365 2612 3421 in·

416 3446 704 3518 vestigata
746 3452 807 3505 et
845 3447 1257 3519 comprehensa
1301 3448 1446 3522 sint,
1505 3463 1631 3521 VOS,
1693 3449 1790 3520 qui
1832 3448 2111 3521 ignoratis
2158 3457 2218 3510 et
2264 3452 2613 3528 exspectatis

416 3534 565 3592 scire
612 3534 859 3605 possitis,

557 3774 610 3840 1)
650 3772 928 3826 reiecimus
966 3771 1225 3826 Garatoni
1262 3775 1319 3826 et
1354 3770 1506 3825 codd,
1546 3772 1751 3839 aliquot
1785 3772 2063 3840 Lagomar.
2278 3775 2337 3845 2)
2387 3784 2441 3833 et
2476 3789 2613 3846 quam

415 3841 608 3911 manif.
647 3859 751 3900 om.
790 3843 955 3898 Halm
993 3842 1072 3897 ed.
1111 3843 1237 3898 Tur.
1276 3859 1319 3897 c.
1360 3841 1507 3897 codd.
1541 3858 1648 3895 non
1684 3842 1864 3897 nullis.
