2669 4354
404 199 487 258 58
1410 214 1629 255 ORATIO

2227 276 2452 283 *mm-.—

401 391 532 449 aliis
587 390 875 448 maluisse.
978 391 1102 446 Iam
1157 404 1296 446 vero
1341 388 1426 445 ita
1470 384 1673 445 faciles
1717 387 1910 445 aditus
1957 385 2030 444 ad
2076 403 2209 444 eum
2252 385 2613 458 privatorum,

401 480 487 537 ita
536 479 758 536 liberae
805 476 1200 549 querimoniae
1244 475 1317 534 de
1366 477 1609 534 aliorum
1652 475 1882 533 iniuriis
1927 491 2054 533 esse
2101 474 2392 546 dicuntur,
2454 478 2519 530 ut
2552 474 2612 547 is,

401 567 500 640 qui
546 565 828 639 dignitate
872 563 1223 638 principibus
1262 564 1522 636 excellit,
1567 562 1852 622 facilitate
1887 562 2095 620 infimis
2125 577 2232 635 par
2263 577 2392 619 esse
2431 561 2611 620 videa-

299 651 379 706 42
401 660 513 712 tur.
604 654 728 712 Iam
768 658 1046 726 quantum
1094 652 1367 723 consilio,
1427 657 1706 723 quantum
1748 651 1979 709 dicendi
2028 650 2314 723 gravitate
2363 655 2425 707 et
2456 650 2610 722 copia

298 1521 381 1587 15

400 744 625 815 valeat,
694 743 752 799 in
814 757 928 813 quo
978 742 1104 812 ipso
1164 741 1317 798 inest
1383 739 1668 812 quaedam
1728 740 1978 813 dignitas
2036 739 2440 811 imperatoria,
2506 755 2612 809 voS,

402 831 688 903 QuiriteS,
749 831 858 888 hoc
913 831 1037 900 ipso
1100 846 1171 886 ex
1214 829 1341 886 loco
1388 844 1564 899 saepe
1611 828 1975 900 cognovistis,
2066 825 2268 884 Fidem
2316 842 2453 884 vero
2500 827 2613 883 eius

400 923 677 991 quantam
744 918 900 976 inter
962 915 1146 974 socios
1212 916 1529 974 existimari
1603 917 1854 989 putatiS,
1926 931 2099 987 quam
2158 915 2354 972 hostes
2424 930 2613 972 omnes

400 1008 650 1066 omnium
711 1022 992 1079 generum
1018 998 1069 1083 ¹)
1125 1005 1545 1062 sanctissimam
1621 1004 1970 1062 iudicarint?
2068 1003 2444 1060 Humanitate
2508 1004 2612 1060 iam

401 1100 566 1153 tanta
630 1099 746 1167 est,
806 1098 870 1151 ut
925 1090 1162 1150 difficile
1218 1091 1378 1150 dictu
1436 1093 1544 1165 sit,
1613 1097 1803 1149 utrum
1854 1091 2049 1148 hostes
2105 1091 2289 1162 magis
2350 1091 2611 1148 virtutem

403 1184 528 1241 eius
574 1186 901 1255 pugnantes
945 1181 1244 1238 timuerint
1288 1197 1364 1238 an
1407 1179 1910 1238 mansuetudinem
1952 1180 2088 1237 victi
2132 1178 2459 1237 dilexerint.
2546 1178 2613 1234 Et

401 1272 700 1344 quisquam
744 1269 1033 1327 dubitabit
1077 1268 1215 1341 quin
1260 1268 1395 1325 huic
1442 1268 1554 1326 hoc
1594 1273 1815 1325 tantum
1860 1267 2071 1326 bellum
2116 1266 2612 1325 transmittendum

400 1360 505 1432 sit,
552 1360 650 1431 qui
697 1357 770 1415 ad
815 1357 1007 1415 omnia
1051 1361 1283 1415 nostrae
1330 1356 1643 1414 memoriae
1676 1356 1830 1414 bella
1869 1355 2230 1414 conficienda
2259 1354 2455 1413 divino
2486 1371 2610 1427 quo-

399 1446 533 1504 dam
573 1447 809 1504 consilio
854 1450 1024 1503 natus
1071 1461 1198 1502 esse
1243 1443 1551 1502 videatur?

574 1535 653 1592 Et
697 1535 967 1607 quoniam
1009 1533 1325 1591 auctoritas
1374 1536 1599 1604 quoque
1642 1533 1704 1588 in
1745 1530 1914 1589 bellis
1960 1531 2434 1589 administrandis
2479 1532 2612 1589 mul-

296 1618 377 1674 43
400 1628 520 1680 tum
579 1628 750 1694 atque
808 1623 867 1679 in
930 1622 1172 1694 imperio
1228 1621 1467 1678 militari
1525 1622 1709 1693 valet,
1760 1626 1920 1678 certe
1984 1620 2202 1677 nemini
2247 1619 2489 1677 dubium
2534 1624 2612 1677 est

398 1711 537 1782 quin
593 1726 665 1769 ea
717 1727 782 1767 re
836 1709 990 1768 idem
1044 1711 1141 1767 ille
1196 1709 1512 1783 imperator
1565 1708 1876 1780 plurimum
1920 1708 2116 1780 possit.
2228 1707 2611 1766 Vehementer

399 1805 595 1856 autom
650 1798 949 1870 pertinere
996 1797 1069 1856 ad
1109 1797 1264 1855 bella
1305 1796 1787 1869 administranda,
1843 1795 1982 1868 quid
2026 1795 2256 1869 hosteS,
2302 1795 2443 1868 quid
2485 1795 2610 1853 socii

397 1887 470 1944 de
526 1886 973 1960 imperatoribus
1026 1886 1238 1943 nostris
1297 1884 1654 1957 existiment,
1714 1884 1841 1956 quis
1887 1884 2150 1957 ignorat,
2197 1901 2329 1941 cum
2373 1885 2611 1942 sciamus

397 1975 658 2032 homines
716 1975 778 2031 in
833 1973 1013 2031 tantis
1060 1973 1266 2044 rebuS,
1316 1978 1381 2029 ut
1442 1979 1543 2030 aut
1588 1977 1958 2030 contemnant
2018 1978 2118 2030 aut
2164 1977 2458 2045 metuant,
2521 1976 2610 2029 aut

397 2062 627 2120 oderint
659 2067 759 2120 aut
787 2066 999 2134 ament,
1045 2061 1312 2134 opinione
1336 2076 1451 2117 non
1484 2060 1671 2119 minus
1705 2065 1764 2118 et
1795 2059 1950 2117 fama
1979 2076 2150 2132 quam
2175 2061 2373 2132 aliqua
2393 2061 2608 2118 ratione

397 2155 558 2209 certa
597 2149 982 2208 commoveri?
1078 2147 1242 2221 Quod
1285 2147 1464 2221 igitur
1509 2165 1718 2207 nomen
1755 2165 2026 2221 umquam
2069 2150 2131 2207 in
2161 2148 2301 2207 orbe
2337 2152 2608 2208 terrarum

395 2239 610 2296 clarius
670 2238 815 2296 fuit?
891 2238 1048 2295 cuius
1104 2253 1200 2295 res
1261 2242 1462 2308 gestae
1519 2242 1735 2311 pares?
1809 2238 1883 2295 de
1929 2249 2043 2309 quo
2085 2237 2319 2295 homine
2365 2255 2502 2311 vos,
2559 2236 2608 2293 id

395 2326 546 2398 quod
595 2326 841 2384 maxime
894 2325 1034 2382 facit
1077 2325 1512 2398 auctoritatem,
1575 2329 1739 2383 tanta
1795 2330 1855 2383 et
1899 2331 2017 2383 tam
2057 2326 2363 2398 praeclara
2405 2326 2610 2385 iudicia

293 2407 375 2464 44
393 2412 653 2472 fecistis?
739 2414 833 2472 An
873 2430 1011 2472 vero
1058 2413 1236 2472 ullam
1281 2430 1523 2485 usquam
1568 2429 1695 2471 esse
1743 2430 1906 2471 oram
1951 2418 2069 2471 tam
2115 2413 2406 2471 desertam
2451 2419 2607 2487 puta-

394 2502 499 2574 tis,
562 2519 672 2575 quo
731 2518 847 2560 non
889 2502 1044 2559 illius
1090 2501 1208 2560 diei
1253 2501 1411 2560 fama
1453 2503 1808 2574 pervaserit,
1856 2519 1984 2558 cum
2028 2502 2330 2559 universus
2370 2502 2607 2575 populus

393 2589 686 2648 Romanus
739 2587 959 2649 referto
1013 2589 1139 2648 foro
1201 2589 1619 2663 completisque
1680 2590 1941 2647 omnibus
1986 2589 2245 2662 templiS,
2294 2606 2365 2646 ex
2410 2591 2609 2661 quibus

394 2678 487 2734 hic
545 2680 703 2736 locus
750 2679 1001 2751 conspici
1045 2683 1268 2751 potest,
1326 2693 1503 2735 unum
1546 2678 1656 2734 sibi
1703 2676 1776 2735 ad
1832 2694 2133 2736 commune
2177 2679 2430 2736 omnium
2480 2694 2607 2751 gen·

395 2766 538 2823 tium
585 2766 800 2824 bellum
848 2765 951 2823 Cn.
996 2765 1332 2838 Pompeium
1359 2766 1791 2847 ‘imperatorem
1820 2766 2193 2838 depoposcit?
2280 2766 2510 2839 Itaque,
2557 2769 2608 2822 ut

390 2854 561 2927 plura
612 2872 728 2912 non
789 2853 979 2912 dicam
1038 2871 1230 2925 neque
1286 2854 1531 2912 aliorum
1586 2855 1865 2926 exemplis
1919 2853 2282 2927 confirmem,
2341 2860 2607 2926 quantum

390 2943 702 3000 auctoritas
723 2935 775 3021 ²)
835 2943 1029 3000 valeat
1093 2942 1155 2999 in
1207 2941 1392 3015 bello,
1454 2941 1529 2999 ab
1597 2941 1800 2999 eodem
1868 2941 1969 3000 Cn.
2029 2943 2303 3014 Pompeio
2363 2942 2604 3000 omnium

389 3047 584 3089 rerum
632 3031 996 3103 egregiarum
1042 3030 1307 3101 exempla
1353 3033 1683 3102 sumantur3
1721 3031 1820 3101 qui
1864 3047 1977 3103 quo
2016 3030 2112 3088 die
2158 3047 2193 3088 a
2237 3030 2398 3088 vobis
2445 3029 2606 3087 mari-

390 3118 529 3176 timo
572 3119 728 3176 bello
773 3119 1137 3192 praepositus
1185 3123 1274 3177 est
1317 3119 1651 3190 imperator,
1695 3123 1861 3177 tanta
1904 3123 2149 3191 repente
2197 3119 2389 3177 vilitas
2435 3133 2604 3176 anno-

388 3222 501 3264 nae
543 3223 614 3264 ex
673 3223 894 3264 summa
932 3206 1130 3278 inopia
1172 3211 1233 3264 et
1279 3208 1527 3262 caritate
1572 3206 1659 3263 rei
1707 3206 2121 3264 frumentariae
2169 3213 2483 3265 consecuta
2521 3210 2603 3262 est

390 3293 558 3351 unius
616 3294 863 3352 hominis
923 3311 1026 3367 spe
1085 3310 1154 3352 ac
1207 3294 1465 3365 nomine,
1525 3299 1798 3365 quantam
1846 3295 1938 3351 vix
1982 3312 2051 3353 ex
2077 3290 2129 3372 3)
2173 3311 2399 3352 summa
2442 3294 2605 3352 uber-

289 3370 369 3428 45
390 3385 512 3439 tate
572 3397 840 3454 agrorum
895 3382 1170 3440 diuturna
1226 3398 1342 3455 pax
1402 3379 1635 3440 efficere
1695 3382 1994 3454 potuisset.
2098 3383 2223 3441 Iam
2274 3388 2513 3455 accepta
2550 3382 2603 3437 in

389 3468 574 3551 Ponto
628 3470 956 3528 calamitate
1010 3487 1082 3527 ex
1140 3486 1209 3528 eo
1254 3470 1509 3542 proelio,
1569 3469 1642 3528 de
1692 3487 1804 3541 quo
1843 3487 1946 3527 vos
1993 3472 2165 3542 paulo
2213 3476 2349 3529 ante
2396 3472 2603 3528 invitus

389 3556 692 3630 admonui,
754 3576 883 3616 cum
941 3558 1084 3616 socii
1145 3558 1608 3632 pertimuissent,
1669 3558 1916 3616 hostium
1962 3576 2102 3630 opes
2146 3560 2438 3633 animique
2488 3574 2602 3616 cre-

564 3776 615 3841 1)
656 3775 832 3842 Vulgo
868 3774 1104 3842 ⁸qentimn
1153 3790 1215 3826 ex
1250 3772 1401 3826 codd.
1444 3776 1644 3826 recent.
1825 3775 1878 3840 2)
1916 3773 2081 3827 huius
2117 3775 2421 3827 auctoritas
2459 3771 2601 3827 codd.

391 3843 504 3897 fere
545 3862 745 3900 omnes.
889 3847 944 3911 3)
983 3844 1047 3898 in
1082 3845 1249 3898 Halm
1288 3861 1352 3896 ex
1383 3844 1496 3897 cod.
1535 3842 1652 3895 Col.
