2669 4354
405 235 437 290 1
449 235 530 291 90
1405 253 1481 291 on
1488 252 1623 292 A'rm

298 423 380 484 57
577 424 693 483 Cur
736 426 912 498 igitur
957 442 1060 484 eos
1117 443 1290 484 manu
1353 427 1553 485 misit?
1615 428 1915 486 metuebat
1960 429 2214 502 scilicet,
2275 445 2346 486 ne
2388 427 2580 484 indica-

398 519 564 572 retur
585 506 668 593 1),
729 529 804 570 ne
850 514 1110 572 dolorem
1150 514 1416 587 perferre
1462 532 1577 572 non
1632 521 1897 590 possent,
1959 533 2032 574 ne
2088 517 2386 574 tormentis
2438 531 2583 588 coge-

399 607 604 661 rentur
649 601 900 660 occisum
949 619 1075 660 esse
1137 619 1173 660 a
1228 604 1411 660 servis
1457 604 1694 661 Milonis
1741 605 1803 661 in
1846 604 2037 677 Appia
2092 606 2184 662 via
2244 605 2307 661 P.
2354 603 2583 661 Clodium

401 687 678 749 confiteri.
770 690 919 761 Quid
980 707 1122 762 opus
1177 696 1267 748 est
1313 694 1574 749 tortore?
1634 692 1769 764 quid
1832 694 2104 764 quaeris?
2207 691 2585 750 Occideritne‘?

401 777 630 836 occidit.
722 779 857 835 Iure
904 794 979 835 an
1023 779 1281 836 iniuria?
1334 769 1477 836 nihil
1518 779 1592 837 ad
1638 786 1944 853 tortorem3
1991 781 2131 838 facti
2178 781 2333 837 enim
2380 782 2437 836 in
2478 796 2585 836 ecu-

292 859 382 927 22
399 867 493 924 leo
538 867 800 939 quaestio
849 870 963 939 est,
1023 867 1165 923 iuris
1224 868 1287 923 in
1345 867 1572 927 iudicio.
1675 868 1833 940 Quod
1891 869 2066 941 igitur
2111 869 2173 926 in
2220 885 2396 926 causa
2438 880 2587 939 quae-

400 953 643 1013 rendum
688 959 805 1027 est,
863 953 924 1012 id
972 970 1209 1026 agamus
1235 950 1285 1032 2)
1331 956 1451 1013 hic:
1517 955 1665 1027 quod
1711 958 2009 1014 tormentis
2054 957 2316 1015 invenire
2378 956 2492 1027 viS,
2540 953 2587 1010 id

400 1040 663 1100 fatemur.
753 1042 932 1099 Manu
985 1058 1121 1099 vero
1175 1058 1276 1099 cur
1330 1043 1596 1116 miserit,
1643 1045 1690 1100 si
1751 1044 1811 1101 id
1869 1045 2057 1116 potius
2114 1045 2382 1118 quaeriS,
2442 1057 2587 1114 quam

402 1146 506 1187 cur
571 1145 776 1202 parum
845 1130 1046 1203 amplis
1115 1127 1398 1188 adfecerit
1467 1132 1766 1205 praemiiS,
1852 1133 2042 1190 nescis
2108 1132 2328 1189 inimici
2398 1130 2588 1188 factum

300 1214 380 1274 58
399 1216 852 1289 reprehendere.
943 1216 1106 1275 Dixit
1163 1219 1316 1275 enim
1369 1218 1462 1276 hic
1522 1218 1709 1292 idem,
1784 1220 1880 1292 qui
1941 1221 2134 1278 omnia
2193 1235 2424 1293 semper
2476 1234 2588 1274 con-

400 1310 628 1363 stanter
687 1309 748 1362 et
802 1304 1057 1380 fortiter,
1111 1303 1192 1362 M.
1255 1305 1425 1379 Cato,
1453 1312 1542 1364 ‘et
1606 1307 1750 1364 dixit
1807 1309 1868 1365 in
1927 1308 2264 1365 turbulenta
2328 1307 2590 1377 contione,

400 1409 549 1466 quae
593 1399 789 1450 tamen
833 1392 1002 1450 huius
1049 1395 1399 1451 auctoritate
1448 1396 1676 1466 placata
1723 1401 1839 1469 est,
1901 1412 2013 1452 non
2074 1395 2350 1453 libertate
2411 1395 2587 1463 solum,

400 1481 503 1540 sed
546 1481 721 1539 etiam
762 1481 1022 1539 omnibus
1052 1482 1326 1554 praemiis
1374 1481 1735 1553 dignissimos
1778 1481 1986 1555 fuisse,
2039 1484 2137 1554 qui
2182 1483 2400 1541 domini
2442 1485 2591 1553 caput

398 1568 812 1627 defendissent.
879 1568 1042 1638 Quod
1089 1570 1242 1626 enim
1284 1569 1602 1640 praemium
1649 1571 1785 1628 satis
1818 1588 2091 1642 magnum
2137 1578 2228 1629 est
2273 1576 2392 1627 tam
2438 1571 2591 1627 bene-

397 1658 569 1731 voliS,
633 1662 750 1714 tam
796 1656 990 1730 boniS,
1052 1663 1166 1713 tam
1214 1655 1480 1715 fidelibus
1527 1659 1738 1730 serviS,
1796 1663 2039 1731 propter
2075 1676 2215 1731 quos
2260 1659 2453 1716 vivit?
2501 1655 2589 1714 etsi

397 1745 457 1804 id
499 1744 732 1819 quidem
773 1760 890 1802 non
935 1744 1085 1802 tanti
1133 1751 1244 1818 est,
1305 1761 1476 1818 quam
1523 1746 1673 1817 quod
1721 1752 1963 1819 propter
2009 1746 2244 1804 eosdem
2304 1763 2424 1804 non
2482 1761 2589 1802 san·

397 1835 571 1907 guine
614 1838 676 1891 et
719 1832 1048 1890 volneribus
1102 1833 1218 1890 suis
1281 1832 1663 1891 crudelissimi
1725 1835 1943 1892 inimici
1996 1839 2252 1892 mentem
2308 1835 2590 1904 oculosque

397 1922 646 1980 satiavit.
761 1919 914 1990 Quos
979 1921 1091 1976 nisi
1152 1937 1324 1978 manu
1392 1921 1674 1996 misisset,
1746 1923 2058 1980 tormentis·
2121 1923 2300 1980 etiam
2367 1918 2591 1979 dedendi

399 2008 635 2066 fuerunt
680 2014 1118 2067 conservatores
1162 2007 1405 2081 domini,
1468 2011 1686 2067 ultores
1724 2011 1995 2084 sceleris,
2052 2009 2391 2068 defensores
2437 2008 2591 2066 necis.

399 2097 511 2154 Hie
556 2113 695 2154 vero
747 2096 890 2152 nihil
948 2095 1126 2154 habet
1183 2097 1242 2153 in
1304 2097 1392 2154 his
1448 2097 1638 2170 maliS,
1708 2098 1857 2171 quod
1917 2099 2105 2156 minus
2163 2100 2407 2156 moleste
2465 2096 2590 2154 ferat

400 2202 602 2258 quam,
642 2186 817 2243 etiam
864 2185 912 2241 si
943 2183 1079 2257 quid
1124 2186 1233 2257 ipsi
1275 2186 1529 2258 accidat,
1578 2202 1705 2243 esse
1745 2191 1940 2245 tamen
1971 2188 2085 2245 illis
2131 2188 2403 2244 meritum
2447 2199 2591 2259 prae·

398 2274 574 2330 mium
617 2271 987 2344 persolutum.
1046 2269 1047 2272 ’

295 2359 378 2417 59
573 2360 688 2419 Sed
732 2361 1100 2432 quaestiones
1147 2367 1356 2435 urgent
1396 2359 1710 2434 Milonem,
1766 2378 1914 2435 quae
1978 2368 2110 2420 sunt
2164 2362 2401 2421 habitae
2463 2374 2592 2418 nunc

397 2449 460 2506 in
505 2449 652 2506 atrio
703 2447 1035 2506 Libertatis.
1127 2450 1483 2521 Quibusnam
1525 2450 1597 2507 de
1645 2450 1870 2507 servis?
1962 2445 2232 2523 ‘Rogas‘?
2276 2450 2349 2509 de
2390 2449 2451 2506 P.
2487 2447 2591 2506 Clo-

399 2532 514 2594 dii.'
605 2535 743 2606 Quis
791 2552 888 2593 eos
943 2538 1299 2609 postulavit?
1390 2533 1666 2610 ‘Appius'
1756 2538 1892 2609 Quis
1943 2538 2248 2609 produxit?
2339 2528 2590 2610 ‘Appius'

397 2623 607 2681 Unde?
676 2623 773 2682 ‘ab
817 2622 1041 2697 Appio?
1153 2625 1228 2682 Di
1287 2625 1452 2683 boni!
1526 2624 1664 2697 quid
1724 2631 1917 2697 potest
1975 2626 2070 2697 agi
2116 2627 2413 2684 severius?
2518 2622 2592 2680 Dc

399 2712 580 2769 servis
624 2712 781 2768 nulla
826 2712 957 2784 lege
1000 2715 1268 2784 quaestio
1317 2719 1407 2771 est
1462 2714 1524 2769 in
1570 2713 1861 2770 dominum
1918 2714 2030 2770 nisi
2091 2713 2164 2772 de
2227 2715 2480 2784 incestu,
2544 2715 2593 2766 ut

396 2798 510 2857 fuit
554 2801 614 2857 in
661 2797 921 2857 Clodium
945 2795 1015 2881 3).
1106 2802 1374 2859 Proxime
1437 2801 1575 2858 deos
1638 2802 1885 2858 accessit
1941 2800 2173 2859 Clodius
2239 2834 2317 2841 -—
2381 2799 2593 2874 propius

396 2904 565 2961 quam
625 2893 776 2962 tum,
836 2903 964 2944 cum
1009 2888 1081 2946 ad
1136 2890 1290 2962 ipsos
1350 2893 1690 2962 penetrarat
1738 2922 1816 2929 —
1867 2890 2028 2946 cuius
2087 2890 2161 2947 de
2218 2894 2406 2947 morte
2467 2893 2593 2943 tam·

397 2992 568 3049 quam
627 2976 699 3033 de
748 2976 1113 3034 caerimoniis
1159 2978 1387 3035 violatis
1433 2977 1732 3048 quaeritur
1748 2971 1822 3057 4).
1928 2976 2044 3035 Sed
2109 2983 2306 3036 tamen
2366 2976 2593 3033 maiores

394 3064 577 3122 nostri
633 3066 694 3121 in
757 3063 1049 3122 dominum
1115 3064 1189 3122 de
1252 3082 1421 3122 servo
1445 3059 1497 3144 5)
1555 3065 1758 3136 quaeri
1819 3066 2161 3137 noluerunt,
2231 3081 2345 3123 non
2404 3063 2532 3136 quin
2554 3053 2592 3136 ⁶)

394 3156 592 3225 posset
651 3167 849 3209 verum
901 3152 1178 3226 inveniri,
1251 3152 1353 3210 sed
1419 3153 1557 3225 quia
1622 3152 1927 3211 videbatur
1992 3152 2294 3225 indignum
2359 3168 2481 3209 esse
2545 3152 2593 3204 et

395 3240 609 3297 domini
633 3234 683 3319 ⁷)
732 3246 917 3298 morte
963 3240 1090 3313 ipsa
1131 3240 1381 3299 tristius:
1444 3242 1505 3297 in
1549 3257 1713 3297 reum
1760 3240 1833 3299 de
1881 3257 2048 3299 servo
2094 3241 2441 3299 accusatoris
2483 3252 2591 3294 cum

540 3442 592 3508 1)
631 3440 719 3495 Sic
753 3440 905 3494 codd.
947 3443 1082 3507 opt.;
1135 3439 1299 3507 vulgo
1339 3454 1401 3492 ex
1438 3439 1624 3506 paucis
1661 3438 1983 3491 indicarent.
2212 3438 2265 3506 2)
2317 3439 2591 3491 Mommsen

396 3509 532 3565 coni.
576 3511 938 3578 indaqamu8‚
976 3509 1186 3576 Kayser
1222 3510 1282 3561 id
1316 3508 1664 3577 itzdayamuS.
1823 3510 1877 3576 3)
1926 3508 2102 3561 Verba
2142 3508 2205 3560 de
2241 3509 2409 3561 servis
2446 3540 2506 3547 —
2541 3508 2591 3555 ut

394 3581 503 3649 fait
554 3580 617 3631 in
663 3580 910 3633 Clodium
945 3581 1259 3649 Heumann,
1314 3581 1490 3641 Bake,
1542 3580 1751 3646 Kayser
1805 3579 2131 3645 interpolata
2188 3597 2304 3633 esse
2358 3578 2587 3632 iudicant.

396 3653 452 3718 4)
490 3656 788 3719 quaeratur
828 3652 1080 3711 Hedicke,
1122 3650 1414 3703 Eberhard.
1559 3652 1614 3716 5)
1654 3650 1718 3701 de
1754 3664 1905 3702 servo
1944 3666 2044 3703 om.
2083 3648 2225 3718 Erf.,
2277 3651 2418 3719 prob.
2444 3649 2590 3702 Wun-

397 3722 508 3774 der.
545 3738 653 3777 var.
692 3722 810 3774 lect.
854 3739 901 3788 p.
941 3721 1222 3773 LXXXIII
1264 3724 1319 3773 et
1355 3721 1581 3788 Kayser.
1765 3720 1819 3786 6)
1859 3719 1946 3773 Sic
1982 3719 2145 3772 Halm
2185 3721 2353 3789 coni„
2384 3717 2514 3789 quod
2543 3716 2586 3767 in

396 3792 651 3859 TegernS.
706 3796 760 3845 et
808 3792 919 3845 Erf.
972 3794 1056 3844 est
1117 3791 1252 3857 quin
1287 3794 1358 3856 ἧς
1412 3791 1574 3854 vulgo
1625 3807 1686 3843 ex
1740 3792 1865 3843 cett.
1931 3789 2081 3843 codd.
2135 3806 2249 3843 ‘non
2304 3790 2434 3857 qaia
2479 3802 2584 3839 non.

397 3864 451 3933 7)
511 3862 718 3918 domim·
762 3861 1049 3917 delendum
1103 3862 1306 3915 iudicat
1359 3861 1621 3927 Wunder,
1688 3861 1835 3931 prob.
1891 3860 2104 3930 Kayser
2115 3881 2128 3926 3
2194 3861 2414 3931 Madvig
2464 3858 2584 3925 vulg.
