2669 4354
692 231 805 271 PRO
849 231 976 270 sax.
1022 231 1227 272 Roscio
1272 231 1565 271 AMEmNO.
2147 216 2227 274 29

200 401 461 458 Etiamne
549 401 611 457 in
686 407 806 459 tam
882 403 1200 474 perspicuis
1282 403 1457 460 rebus
1546 403 1971 475 argumentatio
2060 417 2233 475 quae·
2252 399 2344 466 35

60 487 208 545 1011(13
272 494 368 546 aut
446 490 781 548 coniectura
864 489 1147 563 capienda
1223 496 1313 548 est
1343 484 1394 572 1)
1415 494 1443 547 Ῥ
1558 490 1765 549 Nonne
1834 491 1994 550 vobis
2066 490 2231 559 haee,
2252 494 2332 552 98

60 591 178 644 quae
218 577 475 651 audistis,
523 595 765 636 cernere
812 580 992 636 oculis
1037 578 1337 653 videmini,
1378 579 1635 636 iudices?
1680 596 1796 636 non
1840 579 2005 636 illum
2060 579 2231 635 mise-

59 678 181 735 rum,
253 665 513 737 ignarum
590 682 755 723 casus
832 668 950 740 sui,
1025 666 1365 724 redeuntem
1445 683 1482 724 a
1553 682 1699 725 cena
1779 666 2030 724 videtis?
2116 682 2231 722 non

57 753 236 821 positas
287 752 563 811 insidias?
639 770 755 810 non
807 754 1081 827 impetum
1141 754 1547 827 repentinum?
1620 771 1734 812 non
1789 758 2055 812 versatur
2095 759 2231 810 ante

58 840 219 896 oculos
291 841 446 898 vobis
527 843 589 898 in
669 841 850 900 caede
931 842 1216 900 Glaucia?
1312 859 1430 900 non
1508 842 1692 900 ‘adest
1777 843 1888 900 iste
1956 841 2020 901 T.
2091 842 2232 898 Ros-

58 927 189 984 cius?
233 945 343 985 non
395 929 514 986 suis
567 930 831 988 manibus
886 931 947 988 in
1004 947 1173 987 curru
1219 931 1482 987 conlocat
1525 929 2009 988 Automedontem
2049 930 2233 1002 illum,

56 1015 123 1070 sui
159 1016 378 1074 sceleris
420 1018 781 1075 acerbissimi
827 1019 1205 1089 nefariaeque
1251 1018 1530 1076 victoriae
1575 1018 1880 1075 nuntium?
1925 1034 2041 1074 non
2085 1023 2232 1090 orat,

56 1106 105 1158 ut
137 1118 249 1160 eam
292 1109 520 1162 noctem
565 1106 902 1179 pervigilet,
964 1111 1029 1164 ut
1069 1107 1304 1164 honoris
1356 1107 1442 1163 sui
1489 1121 1663 1163 causa
1706 1106 1956 1178 laboret,
2016 1110 2081 1162 ut
2125 1104 2232 1162 Ca-

54 1190 204 1259 pitoni
270 1209 436 1264 quam
503 1195 748 1265 primum
822 1195 1094 1252 nuntiet?
1195 1193 1345 1264 Quid
1421 1200 1512 1252 est
1533 1188 1616 1271 ²),
1685 1193 1836 1266 quod
1892 1193 2228 1264 Capitonem
2252 1197 2331 1254 99

54 1278 257 1347 primum
315 1281 463 1337 scire
527 1281 808 1339 voluerit?
897 1282 1129 1355 Nesci03
1176 1283 1300 1339 nisi
1363 1283 1472 1339 hoc
1526 1282 1725 1355 video,
1786 1280 2126 1354 Capitonem
2172 1282 2231 1338 in

54 1365 123 1421 his
159 1367 311 1425 bonis
356 1385 488 1426 esse
538 1370 778 1427 socium:
836 1369 909 1427 de
957 1370 1142 1428 tribus
1189 1375 1248 1428 et
1294 1369 1498 1428 decem
1543 1369 1733 1427 fundis
1778 1375 1898 1428 tres
1943 1368 2232 1427 nobilissi-

54 1469 148 1510 mos
196 1453 391 1514 fundos
410 1451 465 1537 3)
527 1474 659 1514 eum
720 1458 887 1516 video
930 1457 1245 1530 possidere.
1336 1458 1526 1516 Audio
1570 1462 1879 1529 praeterea
1924 1474 2036 1514 non
2083 1458 2231 1514 hanc
2256 1462 2378 1519 100

54 1543 390 1613 suspicionem
462 1562 619 1602 nunc
681 1546 927 1617 primum
988 1547 1051 1603 in
1098 1545 1441 1618 Capitonem
1503 1546 1780 1603 conferri:
1846 1546 2058 1602 multas
2103 1563 2230 1603 esse

51 1625 257 1687 infames
301 1633 424 1690 eius
468 1632 720 1707 palmaS,
766 1634 916 1691 hanc
950 1635 1193 1707 primam
1227 1650 1355 1692 esse
1387 1639 1581 1691 tamen
1612 1634 2036 1706 lemniscatam,
2083 1646 2230 1705 quae

51 1714 201 1775 Roma
240 1720 291 1777 ei
335 1719 672 1792 deferatur3
735 1723 954 1780 nullum
998 1722 1225 1779 modum
1269 1738 1396 1780 esse
1443 1722 1688 1779 hominis
1726 1720 2054 1794 occidendi,
2121 1738 2231 1792 quo

52 1802 127 1860 ille
167 1823 272 1863 non
315 1809 539 1881 aliquot
586 1809 892 1883 occiderit,
947 1811 1154 1867 multos
1199 1808 1385 1883 ferrO,
1440 1811 1650 1868 multos
1695 1825 1936 1868 veneno
2025 1807 2231 1866 Habeo

53 1893 192 1950 etiam
249 1896 474 1970 dicere,
535 1914 707 1968 quem
759 1902 961 1955 contra
1004 1915 1223 1956 morem
1267 1898 1549 1956 maiorum
1592 1899 1873 1956 minorem
1919 1897 2084 1954 annis
2125 1896 2232 1952 LX

53 1977 108 2035 de
145 1988 304 2052 ponte
349 1986 412 2042 in
460 1985 719 2043 Tiberim
740 1980 795 2066 4)
839 1986 1150 2058 deiecerit,
1206 2002 1384 2059 quae,
1441 1987 1491 2043 si
1535 1986 1816 2058 prodierit
1862 1988 2039 2056 atque
2084 1983 2232 2041 adeo

53 2082 156 2124 eum
191 2071 467 2142 prodierit
516 2106 599 2113 ——-
646 2074 765 2131 scio
813 2074 967 2132 enim
1012 2074 1374 2146 proditurum
1414 2090 1543 2131 esse
1583 2106 1665 2116 —
1714 2074 1925 2131 audiet.
2014 2072 2232 2131 Veniat
2257 2077 2371 2133 101

53 2156 210 2231 modo,
254 2161 509 2234 explicet
554 2174 720 2219 suum
760 2162 1027 2222 volumen
1068 2162 1239 2235 illud,
1287 2161 1437 2234 quod
1482 2163 1539 2219 ei
1582 2163 1817 2235 planum
1861 2161 2058 2220 facere
2101 2177 2230 2233 pos-

54 2257 151 2301 sum
186 2246 451 2308 Erucium
501 2251 942 2324 conscripsisse,
995 2250 1145 2323 quod
1204 2251 1369 2308 aiunt
1412 2251 1572 2307 illum
1615 2251 1744 2309 Sex.
1790 2251 1998 2309 Roscio
2042 2251 2231 2307 inten-

53 2334 174 2390 tasse
215 2343 271 2394 et
311 2339 643 2396 minitatum
688 2355 815 2397 esse
862 2357 924 2397 se
970 2340 1163 2397 omnia
1203 2338 1304 2396 illa
1352 2355 1458 2411 pro
1501 2339 1827 2396 testimonio
1875 2355 2003 2396 esse
2049 2338 2231 2395 dictu-

51 2434 164 2479 rum.
260 2424 304 2482 O
376 2427 748 2499 praeclarum
819 2431 1060 2501 testem,
1136 2427 1386 2484 iudices!
1478 2445 1512 2485 o
1587 2428 1927 2501 gravitatem
2001 2425 2230 2498 dignam

53 2515 478 2582 exspectatione!
533 2531 567 2571 o
623 2515 800 2572 vitam
847 2514 1148 2573 honestam
1188 2519 1361 2587 atque
1409 2516 1533 2573 eius
1570 2515 1758 2588 modi,
1811 2519 1876 2572 ut
1920 2513 2233 2571 libentibus

50 2597 218 2657 animis
252 2601 325 2659 ad
369 2604 498 2660 eius
543 2603 932 2660 testimonium
976 2609 1228 2661 vestrum
1285 2603 1376 2660 ius
1420 2603 1725 2661 iurandum
1761 2602 2234 2661 accommodetis!

49 2683 276 2746 Profecto
340 2708 461 2749 non
532 2695 648 2747 tam
709 2693 1017 2764 perspicue
1079 2708 1183 2749 nos
1253 2691 1489 2748 istorum
1549 2688 1834 2748 maleficia
1890 2691 2233 2762 videremuS,

50 2774 135 2830 nisi
173 2777 318 2849 ipsos
362 2795 570 2838 caecos
614 2779 890 2838 redderet
936 2779 1221 2851 cupiditas
1269 2783 1329 2836 et
1372 2779 1620 2838 avaritia
1667 2783 1725 2836 et
1772 2778 2024 2839 audacia.

189 2866 348 2924 Alter
394 2885 469 2925 ex
514 2867 642 2938 ipsa
688 2868 865 2925 caede
912 2869 1203 2924 volucrem
1246 2868 1512 2926 nuntium
1556 2867 1851 2925 Ameriam
1897 2868 1971 2924 ad
2016 2867 2234 2924 socium
2250 2860 2339 2928 36

48 2954 193 3021 atque
249 2955 394 3013 adeo
421 2949 475 3036 5)
539 2956 876 3028 magistrum
926 2972 1091 3012 suum
1137 2955 1323 3028 misit,
1383 2961 1477 3030 ut,
1528 2956 1576 3011 si
1627 2955 1989 3013 dissimulare
2035 2970 2233 3012 omnes
2257 2955 2378 3015 102

49 3048 292 3111 cuperent
347 3060 411 3102 se
475 3045 658 3117 scire,
720 3043 795 3100 ad
855 3059 1025 3115 quem
1069 3041 1413 3101 maleficium
1454 3044 1807 3117 pertineret,
1870 3048 2064 3101 tamen
2108 3043 2233 3115 ipse

48 3134 271 3195 apertum
333 3149 501 3190 suum
561 3132 749 3189 scelus
808 3137 944 3189 ante
1004 3131 1258 3189 omnium
1314 3133 1511 3190 oculos
1568 3136 1827 3203 poneret.
1915 3131 2112 3204 Alter,
2187 3131 2236 3186 si

47 3210 114 3271 dis
151 3216 560 3278 immortalibus
599 3221 823 3294 placet,
868 3220 1258 3278 testimonium
1292 3221 1469 3278 etiam
1497 3221 1559 3277 in
1590 3219 1717 3278 Sex.
1748 3219 2019 3277 Roscium
2051 3218 2234 3276 dictu·

47 3315 123 3357 rus
177 3312 287 3364 est:
363 3308 532 3380 quasi
596 3325 733 3366 vero
791 3307 853 3365 id
909 3324 1061 3365 nunc
1118 3313 1324 3381 agatur
1351 3303 1431 3387 ⁶),
1496 3314 1685 3366 utrum
1732 3309 1782 3366 is
1827 3307 1979 3380 quod
2023 3306 2236 3365 dixerit

197 3508 248 3573 1)
297 3511 373 3559 est
408 3505 659 3575 Madvig:
707 3505 779 3557 sit
827 3505 978 3558 codd.
1123 3505 1176 3574 2)
1223 3510 1300 3557 est
1339 3521 1482 3572 susp.
1519 3503 1733 3557 Miiller.
1808 3509 1925 3557 erat
1962 3503 2138 3569 codd.;
2186 3521 2233 3571 q.

46 3577 106 3624 est
153 3591 343 3629 causae
376 3576 677 3631 Eberhard.
750 3581 869 3628 erat
904 3576 1048 3642 quod
1086 3606 1147 3614 —
1188 3574 1363 3628 voluit
1398 3575 1611 3627 Miiller.
1663 3576 1754 3627 cfr.
1792 3574 1943 3628 Vcrr.
1983 3574 2060 3626 IV
2101 3581 2130 3640 ξ
2167 3577 2236 3628 43

47 3642 82 3691 Si
111 3661 328 3714 emeras,
366 3646 503 3714 quid
538 3652 656 3699 erat
692 3646 835 3713 quod
871 3643 1271 3710 confirmabat?
1341 3646 1491 3698 vellet
1530 3646 1762 3698 Ernesti.
1941 3646 1994 3711 3)
2032 3645 2236 3710 fundos

48 3716 168 3789 uncis
197 3717 318 3771 incl.
360 3718 551 3781 Halm;
599 3717 823 3784 Madvig
869 3718 1031 3786 paulo
1110 3719 1196 3770 ost
1224 3715 1390 3768 video,
1602 3717 1658 3783 4)
1709 3714 1772 3766 in
1816 3714 2046 3767 Tiberim
2083 3716 2235 3768 uncis

48 3784 146 3838 incl.
182 3788 402 3857 Rinkes,
449 3788 779 3842 Fleckeisen.
924 3790 977 3855 5)
1016 3804 1053 3838 a
1127 3787 1306 3849 codd.,
1347 3786 1489 3854 quod
1528 3786 1631 3840 del.
1671 3786 1857 3849 Halm,
1899 3784 2030 3837 adeo
2069 3786 2234 3839 Eber-

47 3850 169 3910 hard.
339 3861 393 3925 6)
434 3858 596 3925 quasi
631 3874 750 3911 vero
786 3874 899 3910 ‘non
934 3858 996 3910 id
1037 3888 1058 3897 -
1079 3874 1155 3909 an
1188 3859 1332 3925 quod
1368 3857 1605 3924 Madvig.
