2669 4354
403 252 528 308 218
1404 267 1624 308 οΒΑἸῚο

404 459 601 500 omnes
657 441 882 516 privato
940 458 1226 499 consensu
1291 445 1353 497 et
1411 442 1742 499 universum
1789 446 2052 499 senatum
2107 442 2334 514 publico
2380 440 2586 496 consilio

405 536 657 588 mutasse
715 532 981 588 vestem?
1042 545 1189 602 quae
1256 528 1489 601 quidem
1549 535 1670 587 tum
1725 531 1967 587 mutatio
2023 546 2139 588 non
2200 527 2589 601 deprecationis

407 634 584 676 causa
642 622 730 675 est
791 618 977 687 facta,
1038 617 1141 675 sed
1195 618 1398 675 luctus,
1498 616 1681 687 Quem
1738 618 1893 675 enim
1940 617 2325 690 deprecarere
2344 609 2421 696 ¹),
2485 631 2588 672 cum
2637 625 2638 662 1

406 723 603 764 omnes
650 710 847 764 essent
890 704 1170 764 sordidati
1213 721 1455 777 cumque
1500 706 1608 762 hoc
1654 706 1796 762 satis
1844 711 1999 763 esset
2044 706 2196 778 signi
2244 722 2371 763 esse
2412 705 2590 775 impro-

407 794 561 866 bum,
609 795 706 866 qui
752 797 974 851 mutata
1016 799 1184 851 veste
1230 810 1348 851 non
1397 797 1590 850 esset?
1679 793 1807 851 Hac
1836 795 2155 852 mutatione
2187 794 2366 851 vestis
2394 785 2590 866 facta²)

406 887 569 940 tanto
605 882 663 938 in
711 882 872 938 luctu
919 881 1167 938 civitatis
1209 882 1429 954 omitto,
1475 880 1616 952 quid
1659 882 1760 939 ille
1805 881 2104 959 tribunuS,
2147 882 2400 939 omnium
2427 896 2590 937 rerum

408 969 729 1027 divinarum
784 970 1278 1040 humanarumque
1339 968 1583 1042 praedo,
1632 966 1869 1042 fecerit,
1933 971 2031 1041 qui
2088 970 2294 1028 adesse
2341 963 2595 1027 nobilis‘si-

408 1074 530 1114 mos
576 1057 1013 1129 adulescentes,
1075 1057 1511 1115 honestissimos
1569 1056 1798 1128 equites
1839 1056 2155 1130 RomanOS,
2219 1057 2595 1130 deprecatores

409 1145 610 1202 salutis
672 1160 839 1202 meae
884 1145 1119 1202 iusserit
1164 1161 1379 1216 eosque
1425 1159 1732 1217 operarum
1779 1161 2013 1202 suarum
2058 1145 2268 1218 gladiis
2318 1150 2381 1203 et
2424 1142 2598 1216 lapidi·

408 1233 514 1290 bus
560 1233 867 1291 obiecerit:
908 1232 980 1290 de
1027 1233 1355 1290 consulibus
1401 1234 1635 1305 loquor,
1684 1249 1924 1304 quorum
1968 1230 2082 1291 fide
2128 1250 2225 1292 res
2256 1234 2485 1306 publica
2514 1231 2598 1287 niti

309 1324 388 1381 28
410 1320 626 1378 debuit.
730 1320 1108 1378 Exanimatus
1177 1321 1370 1378 evolat
1439 1338 1510 1379 ex
1569 1327 1775 1378 senatu
1796 1365 1810 1394 ,
1867 1337 1983 1378 non
2039 1323 2228 1379 minus
2289 1320 2598 1394 perturbato

411 1409 602 1466 animo
658 1413 830 1480 atque
887 1408 1078 1481 voltu,
1141 1421 1310 1480 quam
1365 1409 1416 1466 si
1479 1408 1647 1465 annis
1707 1414 1841 1467 ante
1902 1410 2103 1482 paucis
2150 1411 2210 1466 in
2280 1409 2600 1467 creditorum
2641 1415 2642 1480 j

412 1502 755 1554 conventum
796 1495 1128 1568 incidisset,
1172 1496 1418 1554 advocat
1458 1497 1814 1571 contionem,
1859 1497 2040 1554 habet
2084 1498 2408 1555 orationem
2452 1497 2600 1555 talem

413 1585 640 1657 consul,
687 1585 917 1657 qualem
962 1600 1270 1656 numquam
1301 1583 1556 1642 Catilina
1598 1586 1783 1643 victor
1827 1584 2152 1643 habuisset:
2200 1602 2404 1644 errare
2445 1582 2599 1641 homi-

411 1690 549 1745 neS,
608 1672 658 1728 si
700 1672 877 1729 etiam
920 1676 1041 1729 tum
1098 1677 1363 1729 senatum
1413 1671 1629 1744 aliquid
1672 1673 1735 1730 in
1777 1689 1845 1730 re
1889 1672 2118 1743 publica
2162 1690 2339 1746 posse
2388 1673 2603 1731 arbitra-

411 1766 641 1834 rentur3
700 1760 926 1832 equites
971 1776 1109 1818 vero
1154 1759 1444 1817 Romanos
1488 1759 1727 1818 daturos
1772 1762 1928 1818 illius
1974 1761 2093 1819 diei
2111 1755 2164 1840 3)
2210 1777 2465 1835 poenaS,
2516 1773 2602 1831 quo

412 1866 503 1906 me
552 1849 784 1906 consule
836 1859 981 1904 cum·
1010 1847 1217 1920 gladiis
1263 1848 1323 1903 in
1365 1848 1512 1905 clivo
1546 1846 1871 1922 Capitolino
1907 1849 2185 1906 fuissent:
2225 1849 2456 1907 venisse
2485 1854 2604 1905 tem-

411 1953 519 2009 pus
564 1936 652 2008 iis,
700 1937 797 2008 qui
842 1935 902 1992 in
943 1937 1152 1993 timore
1198 1933 1446 1994 fuissent
1490 1966 1575 1977 —
1622 1938 1951 1995 coniuratos
1978 1937 2253 1996 videlicet
2284 1938 2516 1995 dicebat
2542 1965 2601 1973 -
2643 2001 2644 2008 ἵ

414 2024 728 2081 ulciscendi
795 2024 883 2080 sui
900 2017 971 2103 4).
1064 2022 1125 2080 Si
1185 2021 1429 2081 dixisset
1494 2023 1640 2082 haec
1680 2026 1888 2097 solum,
1953 2026 2107 2082 omni
2148 2025 2437 2098 supplicio
2482 2028 2606 2081 esset

414 2111 648 2186 dignus;
695 2126 827 2168 nam
871 2113 1060 2169 oratio
1106 2112 1234 2183 ipsa
1278 2112 1529 2169 consulis
1574 2113 1905 2187 perniciosa
1949 2119 2140 2186 potest
2182 2128 2310 2170 rem
2351 2113 2605 2188 publicam
2645 2169 2646 2193 ἦ

312 2199 804 2258 29labefactare:
872 2200 1007 2271 quid
1074 2200 1308 2274 fecerit,
1371 2199 1580 2261 videte.
1673 2202 1740 2258 L.
1809 2201 2105 2275 Lamiam,
2167 2202 2298 2274 qui,
2374 2219 2498 2260 cum
2535 2198 2646 2256 me*

414 2290 602 2361 ipsum
645 2305 750 2359 pro
796 2304 1017 2345 summa
1058 2288 1454 2347 familiaritate
1472 2333 1487 2361 ,
1534 2304 1685 2358 quae
1717 2290 1858 2346 mihi
1897 2306 2026 2347 cum
2057 2296 2224 2363 patre
2260 2291 2392 2349 eius
2425 2293 2540 2348 erat
2555 2281 2606 2362 ⁵),

417 2376 584 2432 unice
632 2375 944 2447 diligebat,
988 2381 1109 2432 tum
1152 2393 1254 2447 pro
1300 2393 1366 2433 re
1411 2375 1646 2449 publica
1691 2379 1785 2435 vel
1826 2383 2073 2435 mortem
2118 2383 2403 2451 oppetere
2445 2376 2605 2449 cupie-

415 2464 548 2536 bat,
616 2463 678 2520 in
736 2464 1001 2521 contione
1057 2464 1344 2536 relegavit
1389 2464 1712 2539 edixitque,
1769 2470 1834 2522 ut
1889 2466 1962 2523 ab
2007 2466 2150 2524 urbe
2197 2466 2438 2526 abesset
2479 2464 2607 2522 milia

417 2568 687 2625 passuum
744 2551 1024 2624 ducenta,
1095 2552 1247 2624 quod
1296 2557 1455 2610 esset
1501 2569 1673 2610 a-usus
1717 2569 1822 2625 pro
1870 2555 2014 2626 civi,
2080 2570 2186 2626 pro
2234 2552 2390 2613 bene
2435 2553 2606 2612 merito

419 2640 564 2713 civi,
609 2656 715 2711 pro
760 2639 976 2712 amico,
1020 2656 1124 2711 pro
1168 2657 1234 2697 re
1276 2640 1508 2712 publica
1551 2639 1874 2713 deprecari.

312 2722 396 2788 13
594 2726 743 2797 Quid
801 2728 908 2784 hoc
967 2727 1197 2785 homine
1256 2726 1479 2786 facias?
1546 2735 1647 2786 aut
1712 2744 1824 2800 quo
1870 2729 2055 2786 civem
2100 2729 2490 2801 importunum
2530 2729 2609 2784 aut

418 2832 528 2887 quo
585 2815 775 2886 potius
837 2816 1062 2872 hostem
1121 2821 1241 2873 tam
1299 2818 1650 2875 sceleratum
1694 2820 2002 2875 reserves?
2068 2817 2197 2890 qui,
2267 2823 2335 2875 ut
2381 2817 2608 2875 omittam

419 2907 646 2975 cetera,
713 2919 861 2974 quae
925 2908 1057 2959 sunt
1103 2904 1157 2961 ei
1204 2921 1333 2960 cum
1377 2905 1618 2977 conlega
1662 2905 1898 2961 immani
1941 2905 2280 2976 impuroque
2331 2906 2610 2963 coniuncta

418 2996 591 3063 atque
645 2991 1000 3064 communia,
1062 2991 1173 3049 hoc
1219 3009 1395 3050 unum
1440 2993 1618 3050 habet
1661 2993 1981 3066 proprium,
2039 2997 2106 3049 ut
2152 3010 2224 3050 ex
2269 2993 2416 3051 urbe
2465 3005 2610 3063 expu-

419 3079 584 3151 lerit,
655 3077 970 3154 [relegarit]
994 3074 1072 3157 6),
1136 3096 1252 3137 non
1313 3080 1443 3138 dico
1501 3081 1757 3152 equitem
1802 3080 2123 3138 Romanum
2145 3125 2160 3153 ,
2218 3098 2335 3139 non
2393 3079 2609 3138 ornatis-

420 3169 624 3224 simum
688 3173 860 3238 atque
932 3168 1209 3240 optimum
1267 3169 1487 3241 virum,
1562 3184 1675 3225 non
1754 3168 2160 3226 amicissimum
2226 3170 2316 3227 rei
2370 3167 2608 3241 publicae

421 3255 636 3327 civem,
702 3272 817 3313 non
875 3255 977 3312 illo
1043 3255 1168 3327 ipso
1222 3261 1484 3328 tempore
1552 3273 1669 3313 una
1729 3273 1857 3314 cum
1919 3262 2124 3315 senatu
2184 3263 2245 3315 et
2302 3273 2429 3314 cum
2473 3252 2610 3312 bonis

419 3343 680 3401 omnibus
756 3360 952 3401 casum
1031 3343 1203 3400 amici
1270 3345 1477 3416 reique
1545 3345 1812 3417 publicae
1878 3346 2200 3418 lugentem,
2280 3345 2386 3404 sed
2453 3347 2609 3400 civem

565 3616 619 3679 1)
660 3613 747 3665 Sic
792 3613 945 3665 codd.
994 3617 1129 3680 opt.;
1182 3615 1276 3667 alii
1326 3614 1764 3679 deprecarentur.
1981 3614 2034 3679 2)
2080 3613 2210 3666 Hac
2254 3632 2322 3668 m.
2366 3644 2429 3652 —-
2478 3612 2610 3677 facia

425 3701 544 3738 unc.
594 3683 719 3735 incl.
770 3683 1060 3736 Eberhard.
1175 3728 1181 3739 ,
1294 3685 1349 3751 3)
1389 3683 1503 3736 dies
1540 3685 1700 3737 Klotz
1752 3688 1969 3738 auctore
2006 3684 2147 3739 Gell.
2186 3684 2288 3745 IX,
2331 3686 2409 3746 14,
2449 3684 2502 3740 6³
2536 3677 2608 3729 die

425 3771 571 3824 susp.
609 3754 813 3806 Ernest.
853 3756 909 3806 et
945 3753 1131 3807 Garat.
1344 3756 1399 3823 4)
1438 3755 1528 3807 sui
1564 3755 1713 3809 deest
1749 3756 1805 3808 in
1844 3755 2012 3817 codd„
2051 3755 2174 3809 add.
2213 3754 2390 3808 Halm.
2455 3751 2608 3815 Vulgo

425 3826 645 3879 additur
679 3839 748 3877 se.
963 3827 1016 3891 5)
1055 3825 1176 3877 Par.
1226 3841 1369 3890 quae
1411 3825 1544 3878 mihi
1581 3842 1704 3879 cam
1739 3829 1943 3894 fratre,
1995 3842 2117 3878 cum
2144 3833 2312 3893 patre
2348 3826 2460 3877 eius
2492 3823 2606 3873 erat.

423 3899 478 3963 6)
516 3895 773 3962 releyarit
809 3894 962 3947 uncis
998 3895 1121 3948 incl.
1165 3895 1238 3948 du
1266 3895 1422 3950 Rieu.
