2669 4354
866 269 935 309 m
978 268 1159 309 MARc.
1203 267 1537 307 ANTONIVM.
1761 284 1771 293 -
2191 251 2312 308 391

94 445 388 503 Laconem
408 489 423 517 ,
482 458 722 515 quorum
774 443 925 500 alter
978 441 1298 514 gladiorum
1318 436 1371 520 1)
1434 446 1522 498 est
1580 441 1878 514 princeps,
1936 441 2087 498 alter
2143 456 2317 513 pocu-

96 535 305 591 lorum.
396 530 547 601 Quid
595 546 702 603 ego
735 531 867 587 illas
900 531 1065 587 istius
1105 531 1291 597 minas
1333 528 1823 599 contumeliasque
1858 526 2462 601 commemorem,107

96 621 304 695 quibus
359 619 623 676 invectus
688 623 777 676 est
840 617 901 675 in
954 617 1265 691 SidicinoS,
1326 618 1559 676 vexavit
1607 617 1987 689 PuteolanoS,
2042 616 2195 689 quod
2256 615 2318 674 C.

99 708 362 767 Cassium
408 713 470 765 6ι
503 706 713 764 Brutos
758 711 1030 778 patronos
1078 705 1491 778 adoptassent?
1578 705 1794 778 Magno
1841 705 2073 777 quidem
2111 704 2319 778 stadie,

98 795 343 869 iudicio,
406 794 848 867 benevolentia,
928 795 1203 867 caritate,
1275 809 1388 851 non
1447 797 1511 849 ut
1570 799 1628 851 te
1686 798 1747 850 et
1803 788 2097 866 Basilum,'
2144 794 2201 851 vi
2263 798 2323 851 et

99 886 304 956 armiS,
369 887 429 940 et
471 883 616 939 alios
662 882 839 939 vestri
883 882 1130 955 simileS,
1192 897 1334 953 quos
1397 881 1639 939 clientes
1684 897 1852 938 nemo
1896 876 2116 939 habere
2160 882 2320 954 velit,

100 989 218 1030 non
263 970 431 1028 modo
478 969 710 1027 illorum
747 970 927 1026 cliens
975 964 1118 1030 esse.
1209 962 1449 1027 In'terea
1495 968 1628 1026 dum
1673 975 1736 1026 tu
1796 968 1935 1028 abes
1960 1014 1975 1043 ,
2038 970 2136 1042 qui
2194 969 2319 1027 dies
2335 957 2423 1022 42

99 1061 201 1117 ille
270 1059 552 1131 conlegae
621 1058 706 1115 tui
771 1055 910 1131 fuit,
993 1074 1120 1115 cum
1180 1057 1360 1131 illud,
1439 1057 1593 1130 quod
1613 1051 1665 1135 2)
1739 1057 2007 1115 venerari
2073 1057 2316 1130 solebas,

98 1147 329 1205 bustum
373 1147 434 1203 in
482 1144 604 1203 foro
651 1145 891 1203 evertit!
948 1161 1061 1218 qua
1099 1161 1164 1202 re
1211 1144 1319 1202 tibi
1365 1143 1667 1218 nuntiata,
1713 1150 1779 1202 ut
1824 1144 2125 1204 constabat
2166 1146 2321 1202 inter

100 1253 232 1309 eoS,
279 1235 380 1306 qui
425 1250 542 1291 una
571 1232 808 1291 fuerunt
823 1226 908 1310 ⁸),
956 1233 1275 1292 concidisti.
1367 1230 1516 1301 Quid
1550 1233 1815 1291 evenerit
1842 1240 2079 1306 postea,
2124 1233 2321 1291 nescio

102 1356 184 1364 —-
231 1329 450 1381 metum
496 1320 670 1379 credo
713 1321 964 1379 valuisse
999 1327 1059 1378 et
1087 1336 1249 1378 arma
1282 1342 1394 1376 -ε
1444 1321 1747 1395 conlegam
1780 1321 2014 1393 quidem
2047 1321 2119 1379 de
2158 1321 2322 1380 caelo

98 1411 405 1469 detraxisti
452 1409 813 1482 effecistique
859 1427 975 1467 non
1020 1413 1084 1466 tu
1131 1408 1365 1481 quidem
1410 1410 1588 1466 otiam
1634 1425 1817 1483 nunc,
1862 1415 1926 1466 ut
1971 1409 2175 1468 similis
2220 1410 2322 1482 tui,

101 1499 204 1557 sed
251 1503 448 1570 certe,
495 1502 561 1555 ut
605 1497 897 1555 dissimilis
941 1502 1098 1556 esset
1143 1497 1248 1555 sui.

275 1586 385 1656 Qui
430 1603 568 1643 vero
599 1585 734 1643 inde
773 1584 997 1643 reditus
1027 1584 1297 1643 Romam!
1346 1599 1494 1657 quae
1533 1583 1896 1656 perturbatio
1928 1585 2103 1642 totius
2133 1584 2319 1643 urbis!
2345 1579 2467 1636 108

99 1674 552 1731 Memineramus
599 1672 840 1731 Cinnam
895 1672 1067 1731 nimis
1127 1677 1456 1745 potentem,
1512 1672 1729 1731 Sullam
1778 1679 1980 1744 postea
2026 1672 2323 1731 dominan-

103 1768 253 1832 tem,
328 1762 497 1820 modo
571 1765 915 1835 regnantem
983 1760 1294 1820 Caesarem
1360 1759 1706 1818 videramus,
1819 1760 2008 1818 Erant
2073 1759 2323 1819 fortasse

102 1849 305 1924 gladii,
364 1848 469 1908 sed
512 1848 837 1907 absconditi
897 1866 1009 1907 nec
1053 1851 1140 1907 ita
1185 1850 1366 1908 multi.
1459 1848 1579 1906 Ista
1622 1864 1760 1906 vero
1805 1864 1951 1921 quae
2000 1854 2060 1906 et
2107 1855 2323 1922 quanta

100 1937 374 1995 barbaria
412 1938 532 1995 esti
623 1937 870 2011 Agmine
920 1938 1198 2010 quadrato
1234 1954 1362 1994 cum
1392 1935 1599 2009 gladiis
1641 1942 1985 2008 sequuntur:
2032 1943 2323 1995 scutorum

101 2026 338 2084 lecticas
402 2026 622 2099 portari
687 2023 965 2082 videmus,
1064 2026 1257 2097 Atque
1325 2025 1418 2083 his
1486 2024 1718 2098 quidem
1784 2026 1901 2082 iam
1968 2025 2322 2099 inveteratis,

103 2118 296 2185 patres
373 2114 715 2187 conscripti,
791 2113 1212 2172 consuetudine
1290 2112 1680 2172 obduruimuS.
1793 2113 2074 2171 Kalendis
2140 2114 2322 2171 Iuniis

106 2219 230 2258 cum
271 2203 335 2260 in
396 2208 690 2276 senatum,
751 2208 817 2260 ut
874 2209 1004 2261 erat
1064 2204 1473 2276 constitutum,
1531 2203 1731 2260 venire
1793 2203 2102 2276 vellemus,
2164 2208 2321 2261 metu

103 2289 400 2361 perterriti
443 2296 686 2361 repente
731 2289 1074 2363 diffugimus,
1162 2291 1242 2347 At
1295 2291 1435 2363 iste,
1496 2291 1595 2362 qui
1656 2297 1860 2349 senatu
1920 2307 2038 2348 non
2099 2296 2321 2364 egeret,
2345 2281 2466 2338 109

103 2395 286 2450 neque
338 2375 687 2435 desideravit
715 2395 1092 2451 quemquam,
1140 2383 1201 2435 et
1218 2372 1272 2456 4)
1318 2379 1511 2449 potius
1543 2378 1801 2436 discessu
1844 2383 2038 2436 nostro
2071 2379 2323 2437 laetatus

106 2471 192 2523 est
242 2465 554 2536 statimque
617 2466 720 2523 illa
778 2465 1066 2524 mirabilia
1126 2464 1386 2523 facinora
1450 2466 1662 2524 effecit.
1768 2465 1879 2536 Qui
1939 2467 2322 2541 chirographa

105 2551 369 2611 Caesaris
432 2552 791 2612 defendisset
847 2555 995 2612 lucri
1051 2554 1139 2610 sui
1197 2569 1400 2626 causa,
1465 2553 1514 2610 is
1571 2554 1732 2626 leges
1779 2552 2046 2612 Caesaris
2107 2572 2319 2628 easque

102 2641 461 2714 praeclaras,
505 2646 570 2698 ut
613 2659 735 2699 rem
776 2643 1065 2714 publicam
1111 2647 1421 2700 concutere
1466 2647 1688 2714 posset,
1736 2643 1975 2712 evertit,
2020 2649 2321 2701 numerum

103 2744 379 2785 annorum
424 2730 736 2801 provinciis
780 2731 1141 2803 prorogavit,
1188 2730 1455 2801 idemque
1480 2721 1563 2810 ⁵),
1603 2745 1731 2785 cum
1763 2735 2022 2787 actorum
2052 2729 2321 2789 Caesaris

104 2813 375 2874 defensor
419 2832 548 2874 esse
609 2817 885 2891 deberet,
953 2824 1013 2876 et
1063 2819 1124 2875 in
1182 2817 1430 2890 publicis
1477 2822 1535 2874 et
1584 2817 1644 2874 in
1687 2818 1927 2889 privatis
1970 2818 2145 2877 rebus
2191 2825 2322 2877 acta

104 2901 369 2961 Caesaris
412 2904 651 2963 rescidit
668 2899 737 2986 6).
826 2906 896 2964 In
938 2906 1183 2978 publicis
1228 2906 1374 2963 nihil
1421 2911 1510 2964 est
1565 2906 1696 2977 lege
1761 2907 2023 2979 gravius,
2078 2908 2142 2963 in
2203 2908 2323 2978 pri-

103 2990 253 3049 vatis
308 2989 692 3051 firmissimum
754 3000 844 3051 est
904 2999 1328 3052 testamentum.
1418 2992 1612 3065 Leges
1674 2994 1821 3051 alias
1889 2995 2013 3051 sine
2069 2996 2323 3066 promul-

101 3079 339 3149 gatione
406 3081 667 3152 sustulit,
732 3081 876 3138 alias
941 3085 1008 3138 ut
1068 3082 1337 3155 tolleret,
1423 3082 1835 3154 promulgavit:
1911 3087 2322 3141 testamentum

102 3166 337 3225 inritum
401 3168 573 3237 fecit,
634 3167 786 3240 quod
848 3169 1023 3226 etiam
1067 3166 1276 3227 infimis
1323 3169 1541 3227 civibus
1587 3186 1817 3243 semper
1861 3169 2159 3228 obtentum
2207 3176 2320 3243 est,

102 3252 296 3328 signa,
350 3254 605 3327 tabulaS,
667 3271 809 3326 quas
856 3258 1065 3327 populo
1111 3255 1326 3315 Caesar
1371 3274 1487 3315 una
1529 3274 1660 3315 cum
1701 3258 1883 3315 hortis
1928 3259 2173 3332 legavit,
2223 3274 2322 3316 eas

103 3339 196 3397 hic
229 3344 440 3414 partim
470 3344 530 3400 in
560 3344 758 3401 hortos
788 3343 1027 3416 Pompei
1059 3345 1416 3418 deportavit,
1456 3346 1669 3418 partim
1701 3346 1763 3402 in
1792 3347 1988 3403 villam
2020 3347 2320 3420 Scipionis,

312 3592 364 3658 1)
420 3591 523 3644 Sic.
560 3591 710 3658 Vat.;
772 3592 867 3646 alii
922 3591 1067 3646 codd.
1120 3590 1525 3660 madiam-um,
1592 3592 1735 3662 quod
1784 3592 1940 3647 multi
1992 3596 2321 3663 receperunt.

104 3658 158 3726 2)
209 3658 389 3714 Ceteri
430 3661 581 3714 codd.
631 3666 846 3731 praeter
881 3663 1003 3717 Vat.
1054 3662 1198 3730 quod
1238 3669 1331 3730 tu,
1380 3662 1609 3717 fortasse
1653 3667 1809 3718 recte.
1998 3665 2052 3730 3)
2096 3666 2326 3731 fuerant

104 3744 251 3797 susp.
279 3731 521 3792 Ernesti,
560 3749 659 3786 rec.
688 3733 981 3788 Eberhard.
1085 3734 1141 3801 4)
1179 3733 1302 3786 Vat.
1330 3739 1432 3798 est,
1473 3735 1597 3789 cett.
1635 3734 1785 3788 codd.
1827 3739 1902 3797 et,
1939 3734 2128 3797 Halm,
2167 3751 2322 3803 quem

101 3800 351 3865 sequitur
393 3801 670 3854 Eberhard
715 3804 824 3857 sed.
1036 3805 1092 3871 5)
1144 3802 1194 3856 is
1240 3804 1376 3871 leyes
1417 3801 1566 3856 C'aes.
1619 3838 1686 3844 —
1729 3804 1974 3872 idemque
2024 3821 2141 3858 unc.
2199 3805 2320 3857 incl.

100 3868 391 3924 Eberhard.
605 3873 659 3938 6)
694 3873 958 3928 rescindit
992 3874 1145 3941 vat„
1184 3873 1326 3943 quod
1365 3873 1567 3928 retinet
1602 3876 1777 3929 Klotz.

192 3952 283 3998 Cic.
315 3957 453 4000 Oratt.
486 3958 593 4000 Sell.
1891 3952 1971 4009 25
