2669 4354
425 238 596 334 Q
1416 255 1635 296 ORATIO

422 430 525 487 sed
592 431 768 489 etiam
834 430 1104 487 statuisse
1172 430 1432 503 videtur,
1507 429 1645 501 quid
1707 445 1805 487 vos
1874 429 1936 486 in
2000 426 2301 486 iudicando
2367 433 2602 500 spectare

422 523 733 591 oporteret.
823 517 971 575 Nam
1038 518 1134 591 qui
1191 536 1308 577 non
1364 535 1608 591 poenam
1648 515 2027 589 confessioni,
2093 516 2222 574 sed-
2243 514 2603 574 defensionem

423 606 618 679 dedit,
687 607 738 664 is
799 622 1030 664 causam
1090 607 1360 664 interitus
1409 606 1826 678 quaerendam,
1895 622 2011 662 non
2054 605 2350 661 interitum
2394 605 2602 676 putavit.

366 687 546 755 7Iam
585 694 729 752 illud
774 693 929 752 dicet
974 695 1098 767 ipse
1127 690 1177 773 l)
1223 694 1516 767 profectO,
1563 693 1714 765 quod
1761 709 1864 750 sua
1909 698 2110 765 sponte
2140 691 2312 765 fecit,
2359 691 2604 749 Publione

326 784 404 842 16
426 782 627 840 Clodio
673 782 1040 840 tribuendum
1102 784 1319 855 putarit
1368 797 1443 839 an
1489 783 1752 854 tempori.
1845 780 2015 838 Domi
2061 796 2205 837 suae
2251 780 2603 837 nobilissimus

424 871 545 943 vir,
610 875 846 929 senatus
899 874 1292 944 propugnator
1351 876 1522 942 atque
1581 870 1697 926 illis
1759 868 1988 940 quidem
2047 868 2405 941 temporibus
2448 884 2603 940 paene

424 961 732 1031 patronuS,
779 960 1094 1016 avunculus
1139 959 1306 1015 huius
1352 958 1558 1015 iudicis
1603 958 1814 1030 nostri,
1860 956 2154 1014 fortissimi
2203 956 2348 1029 viri,
2406 956 2482 1013 M.
2523 954 2607 1012 Ca.-
2643 950 2644 1007 ἶ

426 1047 609 1119 tonis,
677 1046 939 1103 tribunus
1006 1045 1193 1118 plebis
1261 1046 1342 1102 M.
1390 1045 1616 1103 Drusus
1685 1045 1907 1102 occisus
1974 1049 2092 1101 est:
2164 1044 2310 1101 nihil
2379 1043 2449 1100 de
2513 1044 2607 1101 eius

426 1139 612 1191 morte
680 1133 927 1207 populus
987 1135 1307 1207 consultuS,
1367 1134 1528 1191 nulla
1586 1133 1849 1205 quaestio
1905 1131 2145 1190 decreta
2205 1148 2240 1189 a
2287 1137 2488 1189 senatu
2528 1136 2608 1187 est.

427 1221 713 1293 Quantum
792 1221 1007 1279 luctum
1074 1224 1135 1279 in
1190 1222 1300 1279 hac
1353 1222 1495 1279 urbe
1556 1220 1731 1279 fuisse
1778 1236 1813 1277 a
1858 1221 2070 1278 nostris
2116 1220 2379 1291 patribus
2420 1219 2610 1291 accepi-

426 1326 586 1383 muS,
650 1326 781 1367 cum
840 1309 903 1367 P.
946 1309 1223 1368 Africano
1289 1310 1440 1367 domi
1501 1325 1639 1367 suae
1699 1308 2021 1382 quiescenti
2078 1307 2181 1365 illa
2226 1314 2507 1365 nocturna
2544 1308 2606 1363 vis

429 1402 583 1455 esset
615 1397 820 1455 inlata!
879 1399 1006 1470 quis
1053 1404 1173 1456 tum
1217 1414 1333 1454 non
1379 1397 1641 1469 gemuit?
1696 1397 1827 1467 quis
1871 1412 1989 1453 non
2020 1396 2164 1453 arsit
2194 1395 2428 1469 dolore,
2473 1410 2610 1466 quem

427 1487 834 1559 immortalem,
917 1487 965 1542 si
1043 1485 1169 1545 fieri
1228 1490 1458 1557 posset,
1533 1501 1732 1543 omnes
1802 1500 1928 1542 esse
1991 1489 2303 1557 cuperent,
2386 1484 2505 1540 eius
2556 1498 2610 1538 ne

427 1574 815 1631 necessariam
862 1573 1095 1646 quidem
1143 1579 1537 1645 exspectatam
1583 1588 1714 1630 esse
1765 1574 2053 1629 mortem?
2121 1571 2276 1628 Num
2322 1572 2497 1644 igitur
2523 1556 2648 1677 ulla*

330 1666 407 1723 17
429 1661 690 1733 quaestio
756 1661 828 1718 de
872 1660 1133 1719 Africani
1204 1667 1388 1719 morte
1454 1662 1575 1718 lata
1633 1663 1761 1718 est?
1829 1663 1989 1718 certe
2050 1659 2225 1718 nulla.
2322 1659 2475 1730 Quid
2513 1658 2648 1715 itazw

429 1750 566 1821 quia
632 1766 747 1807 non
816 1750 930 1807 alio
992 1749 1249 1806 facinore
1310 1748 1454 1805 clari
1512 1749 1772 1806 homines
1793 1793 1807 1821 ,
1884 1748 1999 1805 alio
2053 1746 2280 1804 obscuri
2349 1751 2611 1805 necantur.

428 1837 670 1895 Intersit
708 1838 863 1895 inter
907 1838 1059 1895 vitae
1107 1837 1447 1909 dignitatem
1492 1853 1838 1894 summorum
1884 1841 2057 1907 atque
2088 1833 2444 1892 infimorum:
2493 1849 2613 1890 mors

429 1925 662 1997 quidem
728 1925 910 1983 inlata
964 1942 1071 1998 per
1133 1925 1318 1982 scelus
1377 1923 1561 1981 isdem
1619 1930 1680 1980 et
1723 1923 1925 1996 poenis
1971 1926 2246 1979 teneatur
2291 1928 2355 1980 et
2402 1860 2650 1995 legibus*

427 2013 556 2071 Nisi
599 2011 748 2070 forte
787 2013 967 2086 magis
1004 2013 1116 2070 erit
1161 2012 1483 2085 parricida,
1529 2013 1577 2069 si
1624 2013 1721 2083 qui
1768 2011 2129 2069 consularem
2162 2015 2424 2084 patrem,
2471 2025 2612 2083 quam
2649 2004 2650 2063 l

429 2101 477 2159 si
523 2101 650 2173 quis
709 2100 983 2158 humilem
1029 2100 1357 2173 necaverit,
1421 2105 1520 2157 aut
1567 2116 1636 2157 eo
1680 2115 1833 2156 mors
1876 2099 2125 2155 atrocior
2170 2098 2284 2154 erit
2333 2097 2397 2156 P.
2446 2096 2612 2166 Clodii,

429 2189 579 2262 quod
634 2188 683 2244 is
739 2190 800 2245 in
847 2190 1229 2246 monumentis
1288 2189 1569 2246 maiorum
1625 2199 1858 2245 suorum
1904 2189 1982 2245 sit
2007 2180 2057 2265 2)
2101 2185 2479 2245 interfectus:
2530 2187 2614 2242 hoc

432 2277 585 2334 enim
652 2274 725 2332 ab
784 2277 909 2333 istis
970 2293 1143 2349 saepe
1201 2276 1442 2348 dicitur,
1508 2274 1748 2348 proinde
1810 2276 1974 2348 quasi
2019 2275 2238 2347 Appius
2284 2275 2390 2334 ille
2430 2275 2652 2334 Caecus

428 2364 581 2421 viam
625 2364 968 2434 muniverit,
1029 2381 1143 2422 non
1188 2381 1303 2435 qua
1339 2365 1581 2436 populus
1628 2368 1917 2433 uteretur,
1979 2362 2083 2420 sed
2129 2363 2228 2419 ubi
2275 2363 2510 2436 impune
2552 2359 2617 2418 sui

332 2456 409 2513 18
428 2450 647 2525 posteri
709 2452 1209 2511 latrocinarentur.
1310 2452 1512 2523 Itaque
1584 2451 1644 2508 in
1702 2450 1906 2508 eadem
1966 2451 2079 2507 ista
2124 2449 2320 2522 Appia
2384 2452 2477 2509 via
2516 2464 2618 2506 cum

430 2539 850 2597 ornatissimum
899 2541 1151 2612 equitem
1183 2540 1504 2596 Romanum
1550 2538 1612 2595 P.
1658 2537 1890 2596 Clodius
1916 2532 1969 2618 3)
2015 2537 2094 2596 M.
2143 2539 2445 2610 Papirium
2502 2536 2622 2595 occi-

430 2626 643 2700 disset,
690 2643 805 2684 non
851 2625 959 2686 fuit
1007 2626 1149 2684 illud
1193 2626 1417 2684 facinus
1463 2628 1859 2698 puniendum:
1917 2626 2085 2683 homo
2132 2626 2287 2684 enim
2335 2626 2538 2685 nobilis
2576 2624 2621 2679 in

431 2714 549 2773 suis
604 2716 992 2773 monumentis
1064 2716 1319 2787 equitem
1385 2715 1706 2772 Romanum
1768 2714 2092 2786 occiderat,
2167 2731 2322 2771 nunc
2395 2714 2620 2773 eiusdem

427 2803 654 2875 Appiae
698 2819 909 2861 nomen
955 2809 1199 2875 quantas
1240 2802 1572 2873 tragoedias
1618 2803 1862 2860 excitat!
1926 2817 2071 2874 quae
2120 2808 2432 2860 cruentata
2472 2806 2619 2859 antea

430 2890 610 2948 caede
658 2891 884 2949 honesti
930 2897 1104 2963 atque
1148 2892 1474 2949 innocentis
1518 2890 1629 2947 viri
1659 2890 1973 2963 silebatur,
2020 2889 2225 2947 eadem
2257 2907 2415 2948 nunc
2447 2890 2622 2947 crebro

430 2984 773 3054 usurpatur,
834 2985 1210 3052 posteaquam
1270 2979 1512 3036 latronis
1574 2983 1633 3036 et
1691 2978 2020 3052 parricidae
2088 2979 2374 3050 sanguine
2432 2977 2622 3036 imbuta

431 3072 534 3125 est.
625 3068 739 3126 Sed
787 3067 923 3140 quid
970 3085 1075 3141 ego
1121 3067 1223 3124 illa
1271 3068 1689 3125 commemoro?
1760 3065 2218 3138 Comprehensus
2267 3072 2359 3123 est
2403 3068 2464 3124 in
2508 3071 2623 3123 tem-

428 3155 525 3229 plo
591 3155 847 3213 Castoris
923 3172 1120 3213 servus
1200 3155 1263 3211 P.
1311 3153 1525 3227 Clodii,
1601 3170 1770 3225 quem
1845 3155 1946 3210 ille
2007 3153 2081 3211 ad
2148 3152 2248 3210 Cn.
2315 3154 2623 3226 Pompeium

429 3240 892 3301 inteificiendum
961 3244 1323 3315 conlocarat3
1408 3247 1632 3299 extorta
1706 3248 1796 3299 est
1865 3242 1919 3299 ei
1940 3235 1995 3322 4)
2056 3239 2355 3300 confitenti
2415 3243 2529 3299 sica
2569 3237 2624 3294 de

430 3330 725 3402 manibus3
808 3332 994 3388 caruit
1049 3329 1172 3388 foro
1233 3336 1436 3403 postca
1490 3329 1827 3403 PompeiuS,
1908 3330 2093 3387 caruit
2152 3335 2394 3403 senatu,
2465 3326 2625 3385 caruit

429 3417 690 3491 publico;
747 3418 922 3476 ianua
984 3436 1047 3477 sc
1105 3435 1173 3477 ac
1217 3417 1569 3491 parietibuS,
1631 3434 1746 3474 non
1787 3418 1915 3475 iure
1962 3418 2154 3491 legum
2197 3418 2626 3487 iudiciorumque

332 3513 408 3571 19
428 3505 591 3563 texit.
682 3505 830 3562 Num
883 3523 1032 3578 quae
1094 3508 1317 3580 rogatio
1379 3508 1531 3578 lata,
1592 3519 1728 3563 num
1775 3515 1926 3578 quae
1951 3499 2003 3584 ⁵)
2049 3521 2197 3563 nova
2245 3507 2505 3578 quaestio
2545 3501 2627 3558 de-

574 3723 625 3790 1)
681 3721 824 3775 illud
875 3722 1055 3789 ipsam
1108 3721 1257 3775 docet
1311 3721 1583 3790 Hadicke,
1645 3720 1939 3775 Eberhard.
2177 3721 2232 3791 2)
2291 3726 2366 3774 est
2416 3717 2624 3782 Madvig.

432 3795 487 3861 3)
538 3793 600 3844 P.
653 3791 882 3847 Clodius
934 3809 1036 3846 om.
1090 3795 1394 3846 Heumann.
1625 3793 1681 3858 4)
1731 3791 1780 3843 ei
1843 3791 2113 3845 omittitur
2161 3808 2193 3844 a
2243 3793 2392 3845 codd.
2440 3790 2625 3858 praeter

434 3865 692 3934 TegernS.
721 3867 776 3918 et
803 3862 940 3928 Erf„
980 3867 1035 3917 et
1060 3881 1093 3917 a
1116 3863 1392 3932 plerisque
1420 3862 1574 3917 editt.
1685 3865 1740 3930 5)
1783 3878 1918 3916 num
1941 3878 2052 3929 qua
2079 3895 2147 3902 —
2178 3879 2313 3917 num
2336 3879 2443 3932 qua
2466 3859 2622 3915 Garat.
