2669 4354
927 265 1040 304 PRO
1083 265 1352 304 MVRENA.
1878 270 1882 274 ·
2125 250 2243 306 141

74 441 283 512 populus
325 440 617 499 Romanus
682 442 899 500 bellum
957 441 1166 514 gessit,
1227 441 1378 497 hunc
1433 455 1632 511 regem
1691 439 1961 495 nimirum
1987 431 2039 517 ¹)
2084 443 2250 496 ante-

72 545 250 600 pones:
306 546 474 600 quem
518 529 580 589 L.
630 531 793 588 Sulla
835 530 1083 587 maximo
1132 534 1189 587 et
1232 526 1544 585 fortissimo
1591 527 1878 598 exercitu,
1918 543 2148 598 pugnax
2193 532 2254 583 et

73 633 185 673 acer
225 622 279 673 et
322 634 438 674 non
478 618 636 675 rudis
659 612 714 691 2)
774 619 1117 690 imperator,
1181 622 1245 673 ut
1290 614 1447 671 aliud
1491 615 1635 671 nihil
1682 613 1895 687 dicam,
1956 631 2086 671 cum
2130 614 2251 671 bel-

69 705 164 760 lum
195 706 503 763 invexisset
523 700 574 784 ³)
635 711 811 764 totum
869 707 930 761 in
980 706 1206 776 Asiam,
1275 720 1405 760 cum
1455 719 1598 774 pace
1655 702 1894 776 dimisit3
1957 719 2126 773 quem
2186 702 2252 758 L.

69 792 313 865 Murena,
370 800 543 866 pater
598 795 866 866 huiusce,
925 792 1428 851 vehementissime
1481 791 2030 862 vigilantissimeque
2078 805 2251 848 vexa-

68 887 191 953 tum,
253 897 580 952 repressum
625 898 835 953 magna
876 898 946 938 ex
1001 885 1199 953 parte,
1271 896 1389 936 non
1433 895 1769 951 oppressum
1814 879 2078 950 reliquit:
2155 878 2251 949 qui

66 984 155 1024 rex
215 968 326 1025 sibi
398 971 617 1042 aliquot
691 972 860 1027 annis
929 970 1169 1041 sumptis
1239 966 1312 1024 ad
1383 964 1800 1024 confirmandas
1870 967 2129 1024 rationes
2195 971 2255 1024 et

66 1057 231 1128 copias
276 1057 419 1114 belli
464 1063 689 1115 tantum
731 1075 833 1131 spe
879 1062 1201 1127 conatuque
1222 1048 1276 1133 4)
1323 1055 1520 1128 valuit,
1568 1058 1632 1110 ut
1676 1072 1737 1112 se
1786 1054 2075 1112 Oceanum
2125 1070 2253 1111 cum

64 1144 247 1217 Pont0,
326 1144 567 1203 Sertorii
615 1147 807 1217 copias
866 1162 994 1202 cum
1058 1145 1176 1201 suis
1199 1136 1252 1220 5)
1312 1143 1746 1200 coniuncturum
1806 1148 2056 1216 putaret.
2162 1141 2254 1199 Ad
2277 1141 2356 1199 33

65 1233 193 1303 quod
242 1233 459 1290 bellum
506 1233 722 1291 duobus
769 1232 1096 1290 consulibus
1150 1233 1235 1289 ita
1288 1231 1501 1303 missis,
1554 1234 1616 1286 ut
1662 1232 1811 1287 alter
1855 1230 2255 1289 Mithridatem

63 1327 513 1394 persequeretur,
580 1323 730 1379 alter
774 1321 1103 1393 Bithyniam
1160 1324 1450 1391 tueretur,
1518 1319 1756 1376 alterius
1817 1334 1914 1376 res
1977 1323 2037 1375 et
2095 1322 2255 1375 terra

65 1414 113 1465 et
151 1410 289 1466 mari
337 1409 712 1467 calamitosae
743 1410 1124 1467 vehementer
1170 1412 1231 1465 et
1255 1400 1305 1484 6)
1353 1422 1493 1478 opes
1534 1408 1690 1479 regis
1737 1412 1797 1464 et
1841 1423 2050 1463 nomen
2082 1422 2256 1463 auxe-

62 1502 203 1569 runt,
269 1497 616 1575 LLkIguculli
669 1512 986 1573 1101οῤ108
1016 1502 1213 1553 tantae
1273 1493 1646 1567 exstiterunt,
1704 1500 1768 1552 ut
1824 1511 2015 1566 neque
2072 1494 2256 1551 maius

64 1584 252 1641 bellum
296 1574 754 1643 ‘commemorari
822 1586 1002 1657 possit
1060 1600 1250 1654 neque
1317 1583 1539 1639 maiore
1608 1583 1846 1640 consilio
1916 1587 1978 1638 et
2043 1583 2255 1639 virtute

62 1678 275 1744 gestum.
377 1673 530 1730 Nam
576 1690 703 1730 cum
748 1674 925 1732 totius
975 1673 1223 1744 impetus
1267 1670 1406 1727 belli
1452 1669 1526 1727 ad
1573 1669 1983 1742 Cyzicenorum
2029 1669 2257 1727 moenia

63 1762 393 1819 constitisset
420 1756 471 1837 ⁷)
523 1777 764 1832 eamque
814 1760 1015 1818 urbem
1061 1758 1169 1816 sibi
1214 1756 1587 1815 Mithridates
1630 1759 1806 1816 Asiae
1853 1759 2084 1815 ianuam
2130 1756 2257 1815 fore
2358 1748 2384 1771 ⁶

60 1850 386 1921 putavisset,
451 1866 567 1921 qua
614 1849 852 1907 effracta
899 1854 958 1906 et
1003 1848 1230 1905 revolsa
1282 1852 1407 1904 tota
1450 1850 1681 1918 pateret
1736 1845 2067 1919 provincia,
2124 1861 2258 1916 per-

60 1936 197 1994 fecta
252 1954 288 1992 a
335 1937 580 1995 Lucullo
638 1938 786 1995 haec
841 1942 973 1993 sunt
1027 1936 1248 2007 omnia,
1304 1938 1369 1991 ut
1414 1944 1475 1992 et
1493 1928 1546 2013 8)
1607 1934 1744 1991 urbs
1798 1932 2257 1991 fidelissimorum

60 2024 318 2082 sociorum
369 2024 788 2083 defenderetur
835 2029 893 2081 et
941 2040 1141 2081 omnes
1189 2023 1388 2095 copiae
1436 2023 1589 2093 regis
1635 2021 2012 2079 diuturnitate
2060 2022 2256 2078 obses-

61 2113 211 2170 sionis
269 2120 768 2171 consumerentur.
860 2111 1048 2183 Quid‘?
1103 2111 1263 2168 illam
1324 2126 1576 2183 pugnam
1632 2111 1896 2168 navalem
1959 2109 2032 2166 ad
2068 2109 2258 2166 Tene-

59 2200 168 2258 dum
187 2248 202 2276 ,
250 2220 384 2259 cum
433 2207 705 2260 contento
750 2218 937 2273 cursu,
986 2202 1285 2258 acerrimis
1329 2197 1567 2256 ducibus
1612 2200 1861 2257 hostium
1903 2197 2105 2256 classis
2142 2198 2260 2255 Ita-

58 2288 171 2345 liam
237 2308 340 2362 spe
402 2295 578 2362 atque
642 2289 847 2348 animis
905 2289 1106 2346 inflata
1162 2293 1426 2361 peteret,
1486 2287 1764 2344 mediocri
1826 2287 2142 2345 certamine
2202 2290 2262 2343 et

58 2394 212 2446 parva
247 2379 620 2435 dimicatione
664 2378 1020 2434 commissam
1070 2376 1414 2433 arbitraris?
1466 2376 1638 2432 Mitto
1669 2376 1907 2449 proelia,
1948 2381 2260 2447 praetereo

60 2467 500 2540 oppugnationes
548 2466 912 2539 oppidorum:
962 2465 1232 2536 expulsus
1273 2480 1453 2535 regno
1502 2464 1735 2521 tandem
1781 2463 2086 2535 aliquando
2133 2467 2259 2519 tan-

59 2557 156 2610 tum
181 2549 228 2633 9)
276 2562 479 2612 tamen
527 2554 763 2611 consilio
803 2559 976 2625 atque
1024 2552 1368 2610 auctoritate
1415 2551 1622 2623 valuit,
1669 2556 1732 2608 ut
1777 2568 1839 2608 se
1885 2567 2025 2623 rege
2056 2552 2261 2608 Arme-

58 2640 256 2699 niorum
322 2642 597 2700 adiuncto
663 2642 825 2698 novis
894 2640 1097 2714 opibus
1163 2640 1455 2711 copiisque
1524 2632 1940 2712 adornarit10).
2057 2639 2144 2694 Αο
2211 2628 2364 2695 8116

58 2729 174 2785 mihi
223 2747 379 2787 nunc
428 2730 502 2787 de
562 2730 735 2787 rebus
782 2729 960 2800 gestis
1007 2734 1163 2785 esset
1206 2728 1390 2784 nostri
1450 2728 1738 2784 exercitus
1782 2726 2258 2798 imperatorisque

59 2814 373 2891 dicendum,
445 2819 692 2889 plurima
763 2824 822 2874 et
888 2817 1138 2873 maxima
1202 2815 1426 2888 proelia
1493 2830 1940 2872 commemorare
2004 2830 2260 2886 possem,

60 2905 146 2962 sed
184 2924 297 2963 non
347 2906 410 2963 id
457 2907 696 2976 agimus
804 2905 929 2962 Hoc
984 2904 1145 2961 dico:
1206 2905 1256 2960 si
1315 2903 1532 2960 bellum
1586 2904 1725 2976 hoc,
1795 2903 1843 2958 si
1904 2902 1999 2959 hic
2057 2902 2259 2975 hostis,
2282 2898 2363 2954 34

175 3159 225 3223 1)
276 3172 456 3223 reyem
508 3154 661 3208 deest
709 3155 764 3208 in
800 3154 915 3207 cod.
956 3153 1123 3217 Gud.;
1176 3169 1348 3221 reyem
1401 3153 1662 3206 monimum
1721 3151 2008 3205 delendum
2066 3152 2263 3205 statuit

60 3223 214 3281 Halm.
365 3226 418 3290 2)
460 3225 551 3277 Sic
587 3224 830 3278 Niebuhr
869 3225 1030 3287 coni.;
1079 3224 1230 3277 codd.
1265 3240 1462 3290 puyna
1499 3227 1787 3276 eoeetaceret
1835 3223 1953 3289 (alii
2006 3238 2261 3274 emacera-

60 3298 147 3363 ret)
180 3297 373 3358 modis,-
410 3296 605 3364 Zumpt
640 3296 864 3364 Lagom.
901 3295 934 3349 9
972 3297 1182 3347 secutus
1220 3310 1443 3362 puynae
1478 3298 1613 3347 certe
1647 3310 1757 3346 non
1793 3292 1966 3345 rudis.
2081 3294 2133 3362 3)
2175 3293 2265 3346 Sic

58 3364 297 3431 Niebuh13
350 3365 505 3420 codd.
557 3381 681 3418 cum
733 3365 926 3419 bellum
972 3365 1239 3418 invectum
1288 3369 1491 3430 totam3
1553 3364 1770 3418 Ernesti
1823 3378 1945 3416 cum
1991 3363 2127 3416 bello
2171 3363 2261 3416 in-

60 3443 252 3491 vectum.
295 3438 579 3491 Lehmann
605 3437 830 3489 Hermes
869 3436 955 3501 14,
983 3436 1087 3490 626
1127 3451 1169 3489 c.
1197 3435 1247 3488 b.
1286 3435 1550 3488 invectum
1579 3468 1646 3474 —
1673 3434 2000 3501 confecisset.
2091 3435 2147 3501 4)
2175 3434 2264 3488 Sic

61 3502 222 3568 Klotz;
261 3508 416 3562 codd.
470 3506 587 3574 ipse
622 3512 953 3573 conatuqzoe5
1014 3507 1220 3573 Kayser
1261 3523 1405 3572 susp.
1445 3512 1661 3558 tantam
1696 3506 1758 3557 in
1794 3521 1945 3572 spem
1981 3510 2263 3557 conatum-

63 3590 144 3637 que
178 3577 471 3632 cowvaluit.
591 3578 644 3646 5)
685 3576 822 3630 Sert.
861 3593 972 3642 cop.
1019 3593 1140 3628 cum
1176 3576 1294 3629 suis
1330 3576 1475 3629 Bake
1512 3579 1566 3629 et
1603 3577 1812 3643 Kayser
1852 3576 2021 3628 deleri
2057 3576 2262 3629 iubent.

63 3645 104 3710 6)
146 3655 188 3702 et
224 3649 326 3703 del.
368 3649 551 3701 Halm.
761 3650 814 3713 7)
866 3647 951 3700 Sic
990 3647 1070 3700 ed.
1109 3647 1283 3708 Crat.;
1326 3646 1477 3699 codd.
1517 3646 1811 3707 eoett'tisset,
1852 3645 1995 3714 quod
2027 3649 2266 3701 retinent

63 3714 229 3785 Zumpt
265 3723 319 3772 et
356 3720 580 3786 Kayser.
757 3717 812 3784 8)
854 3724 903 3770 et
939 3717 1096 3771 addit
1134 3718 1321 3782 Halm,
1362 3719 1451 3785 qui
1493 3724 1618 3770 ante
1647 3719 1890 3785 perfecta
1929 3717 2128 3771 adiecit
2164 3718 2262 3770 ita.

65 3784 105 3851 9)
138 3789 274 3843 Bake
309 3796 357 3843 et
395 3790 606 3857 Kayser
651 3790 777 3841 ante
822 3792 1039 3841 tantum
1089 3788 1329 3841 adiciunt
1375 3787 1749 3842 Mithridates.
1930 3788 2017 3855 10)
2067 3788 2264 3857 Recepi

66 3854 181 3914 hanc
212 3860 474 3917 incertam
512 3859 650 3915 coni.
692 3859 923 3926 Halmii,
963 3858 1110 3914 codd.
1149 3858 1459 3924 renovarit,
1497 3858 1638 3929 quod
1674 3859 1915 3929 ineptum
1952 3861 2051 3912 est.
