2669 4354
417 247 501 306 48
1423 258 1641 334 our—10

419 437 761 511 Hispaniam
803 436 1031 509 legatos
1078 451 1146 493 ac
1192 435 1422 494 litteras
1467 434 1624 492 misit
1661 433 1734 492 ad
1772 450 1872 493 eos
1900 434 2106 506 duwe,
2152 433 2488 506 quibuscum
2516 438 2609 490 tum

419 526 639 585 bellum
682 524 1057 599 gerebamuS,
1101 529 1197 596 ut,
1242 540 1375 581 cum
1420 522 1646 581 duobus
1686 522 1749 579 in
1793 522 1937 581 locis
1967 521 2437 580 disiunctissimis
2466 522 2611 580 maxi-

422 630 630 686 meque
674 612 917 672 diversis
977 629 1095 669 uno
1139 611 1379 669 consilio
1427 627 1462 669 a
1505 610 1656 669 binis
1700 610 1950 668 hostium
1995 610 2179 682 copiis
2224 609 2444 669 bellum
2482 615 2610 668 terra

421 702 685 774 marique
723 705 1060 775 gereretur,
1120 715 1223 757 vos
1285 698 1527 772 ancipiti
1572 699 1944 756 contentione
1990 697 2239 756 districti
2283 698 2359 757 de
2403 698 2611 772 imperio

322 791 402 847 10
422 788 792 847 dimicaretis.
884 787 999 846 Sed
1065 791 1262 845 tamen
1319 786 1563 845 alterius
1616 786 1802 858 partis
1846 786 2171 859 periculum
2189 830 2205 859 ‚
2271 784 2610 845 Sertorianae

422 882 600 949 atque
637 875 1038 949 Hispaniensis
1055 919 1070 948 ,
1117 890 1267 947 quae
1313 874 1495 932 multo
1541 873 1675 946 plus
1719 871 2066 932 firmamenti
2113 888 2182 930 ac
2214 874 2438 933 roboris
2465 873 2610 931 habe-

421 965 556 1039 bat,
619 962 721 1023 Cn.
769 962 1009 1036 Pompei
1069 962 1263 1020 divino
1331 962 1571 1020 consilio
1632 976 1702 1019 ac
1743 961 2028 1034 singulari
2075 962 2292 1020 virtute
2340 961 2610 1035 depulsum

424 1057 535 1122 est3
601 1052 663 1119 in
709 1052 897 1110 altera
940 1054 1109 1124 parte
1155 1051 1241 1108 ita
1283 1065 1380 1107 res
1425 1065 1461 1107 a
1505 1049 1572 1107 L.
1618 1048 1894 1124 Lucullo,
1941 1066 2163 1108 summo
2207 1050 2363 1123 vire,
2411 1056 2501 1108 est
2538 1048 2611 1106 ad-

421 1139 778 1211 ministrata,
821 1143 890 1196 ut
933 1137 1100 1196 initia
1136 1137 1239 1195 illa
1275 1154 1476 1195 rerum
1519 1141 1817 1209 gestarum
1861 1153 2072 1210 magna
2115 1142 2293 1210 atque
2339 1138 2611 1210 praeclara

422 1244 539 1285 non
583 1225 852 1285 felicitati
899 1226 1052 1298 eius,
1094 1224 1198 1283 sed
1241 1225 1443 1283 virtuti
1460 1269 1476 1298 ,
1521 1224 1669 1283 haec
1714 1230 1909 1283 autem
1943 1230 2228 1298 extrema,
2274 1241 2428 1299 quae
2458 1240 2612 1298 nuper

424 1314 789 1387 acciderunt,
850 1329 966 1371 non
1021 1312 1228 1386 culpae
1245 1358 1261 1387 ,
1323 1311 1428 1371 sed
1462 1312 1755 1372 fortunae
1792 1313 2104 1372 tribuenda
2149 1330 2277 1372 esse
2319 1312 2610 1371 videantur.

424 1401 541 1462 Sed
610 1402 684 1461 de
744 1400 993 1460 Lucullo
1056 1400 1246 1458 dicam
1296 1402 1412 1459 alio
1479 1400 1636 1474 loco,
1709 1405 1771 1458 et
1814 1402 1898 1459 ita
1943 1400 2163 1475 dicam,
2227 1400 2517 1476 QuiriteS,
2569 1405 2610 1455 ut

423 1505 616 1562 neque
674 1505 816 1548 vera
873 1489 1002 1546 laus
1065 1488 1119 1547 ei
1175 1488 1439 1547 detracta
1498 1488 1762 1547 oratione
1818 1505 1951 1547 mea
2002 1504 2195 1561 neque
2240 1486 2389 1547 falsa
2438 1486 2611 1547 adficta

222 1611 238 1627 ·
326 1579 398 1634 11
426 1592 555 1636 esse
600 1576 898 1650 videatur;
953 1575 1027 1634 de
1072 1576 1252 1634 vestri
1295 1576 1526 1649 imperii
1573 1575 1856 1649 dignitate
1900 1580 2076 1650 atque
2112 1577 2325 1650 gloria,
2376 1577 2611 1648 quoniam

422 1665 473 1723 is
520 1669 611 1724 est
656 1681 895 1723 exorsus
935 1664 1212 1722 orationis
1258 1679 1426 1722 meae
1445 1707 1461 1736 ,
1507 1663 1701 1722 videte
1743 1681 1916 1736 quem
1960 1664 2122 1723 vobis
2167 1664 2426 1722 animum
2469 1663 2611 1723 susci-

422 1752 697 1825 piendum
740 1752 974 1825 putetis

360 1834 402 1900 5
599 1841 854 1899 Maiores
915 1841 1099 1898 nostri
1160 1856 1336 1913 saepe
1384 1838 1810 1896 mercatoribus
1869 1845 1973 1896 aut
2017 1838 2392 1897 naviculariis
2438 1837 2610 1897 nostri<

424 1928 762 1986 iniuriosius
806 1928 1070 1986 tractatis
1113 1928 1269 1986 bella
1315 1930 1655 2001 gesserunt:
1716 1942 1817 1985 vos
1865 1930 1953 1985 tot
1996 1926 2228 1985 milibus
2276 1927 2490 1985 civium
2530 1925 2612 1982 Re

424 2032 729 2075 manorum
793 2032 910 2074 uno
970 2015 1173 2073 nuntio
1234 2020 1411 2087 atque
1471 2030 1588 2072 uno
1648 2019 1910 2087 tempore
1969 2015 2193 2073 necatis
2247 2031 2363 2087 quo
2409 2014 2609 2072 tandem

426 2104 616 2162 animo
685 2118 813 2161 esse
877 2102 1145 2161 debetis?
1242 2101 1453 2176 Legati
1517 2100 1672 2174 quod
1741 2107 1909 2160 erant
1973 2103 2282 2179 appellati*
2319 2102 2611 2176 superbius,

425 2189 765 2250 Corinthum
807 2197 1005 2265 patres
1050 2192 1255 2265 vestri,
1299 2191 1477 2248 totius
1524 2189 1806 2249 Graeciae
1852 2191 2068 2265 lumen,
2117 2192 2471 2250 exstinctum
2514 2203 2609 2248 esse

423 2279 766 2337 voluerunt:
826 2295 926 2337 vos
974 2295 1106 2337 eum
1146 2295 1348 2352 regem
1391 2277 1644 2335 inultum
1690 2294 1818 2337 esse
1863 2279 2197 2353 patiemini,
2239 2280 2340 2351 qui
2387 2280 2611 2352 legatum

422 2367 621 2439 populi
661 2365 906 2424 Romani
979 2367 1344 2425 consularem
1402 2366 1649 2423 vinculis
1717 2382 1786 2424 ac
1852 2365 2194 2425 verberibus
2255 2372 2434 2440 atque
2494 2364 2612 2424 omni

425 2453 712 2527 supplicio
752 2455 1149 2512 excruciatum
1193 2452 1466 2512 necavit?
1539 2453 1633 2511 Illi
1674 2453 2006 2512 libertatem
2036 2451 2400 2513 imminutam
2434 2454 2612 2513 civium

422 2540 814 2600 Romanorum
873 2559 992 2601 non
1044 2543 1338 2601 tulerunt:
1397 2557 1496 2600 vos
1557 2545 1820 2614 ereptam
1871 2542 2049 2599 vitam
2091 2543 2458 2616 neglegetis?
2540 2541 2612 2598 Ius

424 2628 730 2704 legationis
790 2630 964 2688 verbo
1010 2630 1289 2688 violatum
1348 2629 1435 2686 illi
1478 2630 1772 2702 persecuti
1814 2634 1979 2686 sunt:
2043 2646 2142 2688 vos
2181 2631 2446 2704 legatum
2491 2626 2613 2687 omni

323 2720 402 2777 12
423 2717 702 2790 supplicio
747 2715 1120 2776 interfectum
1164 2717 1549 2789 relinquetis?
1638 2716 1849 2780 Videte
1885 2734 1996 2790 ne,
2056 2722 2124 2775 ut
2161 2718 2277 2776 illis
2321 2714 2614 2791 pulcherri-

422 2821 580 2863 mum
662 2804 776 2864 fuit
838 2810 1059 2863 tantam
1129 2803 1292 2864 vobis
1368 2804 1598 2878 imperii
1664 2804 1908 2876 gloriam
1973 2805 2209 2865 tradere
2226 2850 2242 2879 ‚
2329 2806 2414 2864 sic
2482 2802 2612 2863 vobis

420 2893 818 2966 turpissimum
884 2894 960 2951 sit
1026 2892 1088 2951 id
1103 2937 1119 2966 ‚
1193 2892 1350 2965 quod
1414 2893 1720 2966 accepistis
1735 2937 1751 2966 ,
1818 2893 1973 2950 tueri
2035 2898 2096 2951 et
2140 2909 2485 2953 conservare
2526 2905 2614 2949 non

419 2997 605 3055 posse.

597 3068 748 3140 Quid
766 3071 794 3124 ‘?
856 3066 1010 3140 quod
1071 3067 1229 3126 salus
1275 3068 1561 3126 sociorum
1608 3084 1893 3126 summum
1938 3069 1995 3125 in
2042 3067 2371 3140 periculum
2417 3086 2484 3127 ac
2524 3065 2615 3123 dis-

423 3156 644 3214 crimen
699 3160 940 3215 vocatur
959 3199 973 3227 ‚
1035 3171 1148 3227 quo
1204 3156 1443 3213 tandem
1507 3156 1697 3213 animo
1741 3153 1898 3214 fe'rre
1946 3155 2214 3214 debetis?
2302 3154 2505 3231 Regno
2548 3157 2654 3282 &Sti

423 3244 697 3318 expulsus
740 3243 1165 3302 Ariobarzanes
1210 3260 1345 3316 rex,
1401 3244 1592 3301 socius
1637 3244 1836 3316 populi
1878 3243 2122 3303 Romani
2169 3248 2344 3316 atque
2393 3244 2616 3309 amicus3
2653 3291 2654 3308 ,

421 3332 727 3390 imminent
792 3332 908 3390 duo
971 3347 1145 3403 reges
1205 3333 1315 3390 toti
1360 3331 1572 3405 Asiae,
1632 3347 1747 3389 non
1801 3332 1986 3390 solum
2034 3330 2198 3390 vobis
2244 3327 2654 3398 inimicissimis

421 3419 526 3478 sed
590 3419 764 3478 etiam
831 3419 1036 3477 vestris
1110 3420 1282 3477 sociis
1336 3422 1509 3492 atque
1557 3418 1792 3492 amicis3
1865 3420 2127 3478 civitates
2184 3424 2384 3478 autem
2445 3430 2618 3478 omnes

423 3512 632 3564 cuncta
677 3507 820 3565 Asia
866 3510 1039 3579 atque
1087 3505 1342 3565 Graecia
1387 3511 1645 3565 vestrum
1697 3507 1979 3565 auxilium
2026 3512 2363 3580 exspectare
2409 3510 2620 3580 propter
2653 3519 2654 3522 ¹

418 3595 669 3668 periculi
711 3594 1168 3667 magnitudinem
1233 3599 1550 3668 coguntur3
1624 3596 2035 3667 imperatorem
2102 3610 2139 3652 a
2198 3594 2360 3653 vobis
2419 3599 2617 3652 certum

421 3683 740 3755 deposcere
758 3727 773 3757 ‚
833 3698 966 3741 cum
1022 3683 1369 3755 praesertim
1427 3699 1529 3741 vos
1588 3683 1766 3740 alium
1820 3683 2126 3757 miseritis,
2186 3699 2377 3755 neque
2423 3681 2620 3739 audent

418 3787 613 3843 neque
689 3786 752 3829 se
818 3770 879 3829 id
946 3768 1142 3829 facere
1212 3771 1338 3829 sine
1412 3787 1635 3829 summo
1702 3772 1966 3844 periculo
2032 3781 2212 3844 posse
2267 3772 2617 3830 arbitrantur.

318 3861 398 3919 13
418 3858 635 3918 Vident
690 3865 752 3918 et
789 3860 1051 3917 sentiunt
1102 3858 1212 3916 hoc
1258 3859 1448 3934 idem,
1507 3858 1663 3931 quod
1707 3875 1840 3933 vos,
1900 3876 2084 3917 unum
2127 3859 2317 3916 virum
2361 3873 2514 3930 esse,
2571 3856 2618 3912 in
