2669 4354
880 324 948 361 m
993 322 1173 361 MARo.
1219 321 1554 362 ANTONIVM.
2119 336 2124 343 ·
2203 303 2326 361 395

103 498 264 571 quod
306 498 423 557 iam
467 498 565 557 diu
615 499 892 572 parturit!
981 497 1214 555 Etenim
1273 499 1323 555 si
1385 498 1593 556 abhinc
1653 516 1834 558 annos
1890 516 2068 573 prope
2124 498 2328 573 viginti
2350 498 2377 551 1
2394 496 2471 553 19

103 587 219 644 hoc
265 587 390 659 ipso
443 587 505 644 in
558 588 775 659 templo
830 585 1041 658 negavi
1093 601 1263 659 posse
1318 592 1562 644 mortem
1607 588 1974 646 immaturam
2018 604 2146 646 esse
2193 603 2328 645 eon-

104 675 321 748 sulari,
384 680 597 746 quanto
663 676 857 734 verius
916 689 1069 731 nunc
1129 674 1358 746 negabo
1418 674 1570 732 seni!
1671 675 1818 733 Mihi
1890 691 2055 750 vex-0,
2129 681 2326 748 patres

79 763 421 839 ‘conscripti
440 807 456 836 ,
523 763 640 820 iam
694 764 872 820 etiam
928 761 1182 834 optanda
1240 778 1394 819 mors
1453 766 1569 835 est,
1632 761 1932 835 perfuncto
1999 764 2172 822 rebus
2235 762 2326 836 iis,

104 866 254 922 quas
299 849 544 924 adeptus
590 865 713 908 sum
758 867 1014 923 quasque
1060 849 1231 921 gessi.
1321 849 1451 907 Duo
1489 850 1656 908 modo
1706 851 1853 910 haee
1914 857 2075 925 opto:
2134 867 2326 924 unum,

102 942 178 995 ut
195 929 247 1017 ¹)
289 938 539 996 moriens
582 938 857 1011 populum
883 939 1208 996 Romanum
1247 936 1493 996 liberum
1536 938 1861 1010 relinquam
1909 971 1990 980 —
2035 939 2144 997 hoe
2188 938 2328 995 mihi

99 1026 296 1083 maius
342 1025 415 1083 ab
463 1025 550 1084 dis
596 1025 1013 1085 immortalibus
1060 1025 1187 1083 dari
1228 1026 1375 1083 nihil
1418 1031 1612 1098 potest
1658 1051 1768 1099 -ς
1815 1029 2092 1101 alterum,
2137 1031 2202 1085 ut
2243 1026 2328 1083 ita

101 1113 322 1185 cuique
368 1115 633 1188 eveniat,
679 1119 743 1172 ut
784 1113 858 1171 de
903 1130 969 1171 re
1013 1112 1248 1186 publiea
1293 1115 1533 1186 quisque
1579 1121 1886 1176 mereatur.

290 1347 342 1413 1)
381 1345 555 1400 Verba
591 1345 818 1413 adeptus
856 1380 923 1387 -—
970 1363 1142 1398 unum
1154 1387 1171 1413 ,
1225 1352 1289 1399 ut
1339 1347 1533 1402 desunt
1575 1348 1633 1402 in
1670 1349 1792 1401 Vat.
1841 1365 1874 1401 a
1921 1348 2094 1416 prima
2140 1365 2324 1414 manu3

96 1416 275 1470 Halm
312 1431 375 1470 ea
408 1433 503 1483 pro
538 1416 672 1469 falso
709 1419 1081 1487 supplemento
1117 1417 1299 1472 habet.

1406 3751 1449 3764 ⁸-

754 3945 918 3984 HALIS
956 3947 1114 3986 mYPIS
1150 3948 1669 3991 ORPHANOTBOPHEI.
