2669 4354
908 266 1092 307 mnan
1137 265 1427 315 QVARTVS,
2154 250 2277 307 297

0 465 1 512 3
59 445 178 496 tuor
223 456 447 497 summo
487 438 731 497 artificio
753 485 768 513 ,
830 456 1051 497 summa
1108 440 1441 512 nobilitate,
1501 456 1648 513 quae
1710 457 1826 499 non
1881 440 2050 498 modo
2110 441 2283 498 istum

0 531 1 606 ᾗ
58 527 345 585 hominem
417 528 777 602 ingeniosum
836 533 899 585 et
957 528 1427 601 intellegentem,
1502 543 1705 585 verum
1778 528 1953 586 etiam
2028 530 2284 601 quemvis

0 627 1 684 1
59 622 314 673 nostrum
334 660 349 688 ,
431 632 576 687 quos
628 617 740 673 iste
784 616 997 674 idiotas
1057 615 1347 689 appellat,
1422 615 1717 674 delectare
1765 621 2031 689 possent:
2109 633 2283 674 unum

0 705 1 762 ἰ
59 702 357 775 Cupidinis
404 719 792 762 marmoreum
836 703 1148 762 Praxiteli:
1226 704 1496 761 nimirum
1543 703 1719 762 didici
1766 704 1969 777 etiam,
2043 703 2176 762 dum
2221 704 2280 760 in

0 815 1 862 ι
58 793 224 849 istum
270 792 541 866 inquire,
601 789 889 849 artificum
950 792 1198 851 nomina.
1305 791 1501 861 Idem,
1560 791 1795 865 opinor,
1855 790 2067 866 artifex
2128 793 2282 849 eius·
2359 803 2362 808 ·

0 905 3 962 ᾗ
60 881 176 937 dem
247 880 408 939 modi
470 878 813 952 Cupidinem
877 877 1020 937 fecit
1083 880 1277 952 illum,
1355 879 1451 951 qui
1520 885 1609 937 est
1649 879 1964 952 Thespiis,
2039 885 2282 952 propter

0 967 1 1008 ἒ
59 964 218 1040 quem
274 968 562 1039 Thespiae
627 968 920 1041 visuntur3
996 983 1131 1024 nam
1199 967 1316 1024 alia
1387 967 1609 1024 visendi
1687 983 1863 1025 causa
1937 968 2098 1025 nulla
2174 973 2278 1026 est.

58 1057 240 1129 Atque
301 1057 403 1114 ille
449 1055 516 1112 L.
562 1056 877 1112 Mummius
918 1073 1045 1112 cum
1087 1054 1475 1127 Thespiadas,
1531 1070 1682 1127 quae
1741 1055 1816 1113 ad
1871 1055 2077 1114 aedem
2123 1054 2280 1113 Feli-

59 1144 248 1202 citatis
325 1149 494 1216 sunt,
563 1148 875 1214 ceteraque
950 1140 1194 1215 profana
1260 1159 1331 1201 ex
1402 1142 1505 1200 illo
1583 1143 1795 1216 oppido
1869 1144 2033 1215 signa
2115 1143 2281 1201 tolle-

58 1238 166 1306 ret,
234 1231 391 1289 hunc
447 1247 834 1290 marmoreum
882 1229 1252 1304 Cupidinem,
1320 1230 1473 1302 quod
1521 1236 1649 1288 erat
1694 1237 2092 1303 consecratuS,
2165 1247 2279 1288 non

58 1320 266 1393 attigit.

222 1408 447 1464 Verum
503 1412 567 1464 ut
626 1406 701 1463 ad
759 1405 903 1463 illud
957 1406 1277 1463 sacrarium
1333 1405 1605 1479 redeam,
1680 1406 1908 1478 signum
1967 1411 2094 1464 erat
2153 1406 2279 1479 hoc,
2300 1397 2343 1464 3

60 1495 201 1567 quod
264 1494 426 1567 dico,
501 1493 798 1567 Cupidinis
855 1508 887 1549 e
946 1509 1264 1566 marmore,
1344 1510 1415 1551 ex
1483 1493 1670 1552 altera
1735 1499 1900 1567 parte
1976 1494 2278 1566 Hercules,
2301 1492 2337 1549 5

61 1583 292 1655 egregie
338 1582 523 1640 factus
575 1600 647 1640 ex
688 1596 844 1640 aere.
948 1581 1008 1638 Is
1055 1581 1360 1639 dicebatur
1415 1589 1542 1639 esse
1588 1581 1880 1655 Myronis,
1941 1586 2003 1638 ut
2058 1582 2279 1654 opinor,

61 1679 107 1728 et
148 1675 320 1730 certe
366 1671 508 1728 item
556 1716 567 1727 .
606 1715 619 1727 .
658 1715 671 1726 .
697 1664 765 1750 ¹).
855 1669 1012 1727 Ante
1056 1669 1162 1727 hos
1207 1669 1349 1727 deos
1392 1674 1559 1727 erant
1602 1670 1838 1741 arulae,
1899 1684 2048 1741 quae
2097 1669 2279 1727 cuivis

60 1759 398 1831 religionem
444 1758 685 1816 sacrarii
734 1754 1059 1831 significare
1108 1762 1360 1829 possent.
1464 1755 1654 1815 Erant
1703 1761 1890 1814 aenea
1950 1757 2063 1814 duo
2108 1772 2279 1828 prae-

0 1875 7 1936 f
62 1852 220 1906 terea
282 1847 476 1920 signa,
552 1862 665 1903 non
728 1845 1003 1915 maxima,
1073 1861 1272 1903 verum
1339 1844 1548 1902 eximia
1606 1849 1941 1917 venustate,
2009 1844 2278 1915 virginali

0 1937 9 2042 ff
60 1933 258 1992 habitu
303 1939 478 2006 atque
510 1934 752 2007 vestitu,
793 1948 941 2004 quae
990 1932 1256 1990 manibus
1303 1932 1544 1990 sublatis
1592 1930 2073 2003 sacra‘quaedam
2116 1947 2277 1989 more

0 2045 7 2084 ι
61 2022 498 2081 Atheniensium
542 2022 829 2093 virginum
876 2020 1136 2091 reposita
1182 2020 1245 2077 in
1290 2019 1576 2092 capitibus
1622 2019 2000 2077 sustinebant.
2093 2018 2280 2076 Cane-

0 2085 7 2156 ?
59 2110 269 2182 phoroe
312 2111 476 2184 ipsae
524 2108 893 2167 vocabantur.
990 2106 1125 2166 ‘Sed
1170 2124 1371 2165 earum
1414 2105 1694 2165 artificem
1740 2103 1977 2180 quem?'
2067 2107 2276 2179 Quem·
2355 2159 2358 2162 ,

0 2163 5 2259 ἓ
63 2202 228 2256 nam?
288 2202 456 2257 r'ecte
503 2195 808 2271 admoneS,
868 2197 1211 2270 Polyclitum
1257 2212 1386 2254 esse
1434 2196 1721 2255 dicebant.
1827 2196 2159 2254 Messanam
2215 2201 2281 2252 ut

0 2278 5 2365 ζ
66 2288 298 2359 quisque
349 2292 605 2345 nostrum
652 2291 928 2359 venerat,
971 2284 1116 2342 haec
1161 2285 1351 2342 visere
1398 2285 1652 2358 solebat,
1707 2284 1973 2342 omnibus
2017 2285 2164 2343 haec
2207 2284 2281 2341 ad

66 2374 357 2432 visendum
380 2369 434 2454 ²)
507 2375 789 2447 patebant
859 2372 1105 2444 cotidie,
1180 2372 1384 2429 domus
1445 2377 1574 2430 erat
1631 2389 1746 2430 non
1805 2372 2035 2430 domino
2097 2372 2281 2445 magis

68 2469 398 2521 ornamento
446 2478 615 2534 quam
657 2462 892 2519 civitati.
985 2459 1046 2519 C.
1091 2458 1395 2533 ClaudiuS,
1446 2460 1605 2518 cuius
1653 2458 2013 2518 aedilitatem
2059 2459 2280 2532 magni·
2302 2458 2338 2514 6

67 2548 490 2608 ficentissimam
532 2550 740 2608 scimus
786 2548 993 2622 fuisse,
1035 2564 1170 2605 usus
1213 2553 1303 2606 est
1348 2546 1457 2605 hoc
1490 2546 1773 2620 Cupidine
1819 2553 1939 2605 tam
1985 2548 2101 2620 diu,
2148 2548 2281 2605 dum

0 2632 7 2687 ἑ
68 2635 246 2696 forum
292 2638 382 2696 dis
431 2636 850 2695 immortalibus
911 2636 1236 2709 populoque
1278 2634 1537 2693 Romano
1594 2635 1794 2693 habuit
1855 2641 2147 2708 ornatum3
2205 2640 2281 2707 et,

0 2708 11 2731 ‘
69 2742 188 2784 cum
248 2731 404 2784 esset
456 2726 668 2797 hospes
713 2725 1019 2796 Heiorum,
1078 2723 1415 2780 Mamertini
1476 2728 1671 2781 autem
1729 2724 1927 2797 populi
1987 2728 2281 2796 patronuS,

69 2819 126 2871 ut
174 2815 298 2873 ,illis
359 2814 626 2887 benignis
683 2830 818 2870 usus
874 2818 964 2870 est
1017 2811 1092 2870 ad
1147 2810 1646 2883 commodandum,
1704 2811 1787 2868 sic
1848 2811 1972 2884 ipse
2033 2810 2281 2883 diligens

67 2900 167 2958 fuit
198 2901 273 2959 ad
317 2901 746 2973 reportandum.
836 2900 1039 2973 Nuper
1075 2898 1337 2957 homines
1373 2898 1598 2956 nobiles
1636 2898 1806 2956 huius
1849 2898 2004 2956 modi
2022 2892 2092 2977 ⁸),
2135 2897 2281 2955 iudi-

68 3005 187 3062 ces,
238 2990 338 3048 sed
354 2983 409 3068 ⁴)
458 2980 597 3061 quid
641 2987 770 3045 dico
800 2989 1025 3061 nuper‘?
1069 2987 1243 3044 immo
1275 3003 1412 3044 vero
1443 2986 1610 3044 modo
1639 3003 1710 3044 ac
1737 2987 1911 3059 plane
1943 2985 2114 3058 paulo
2147 2992 2280 3044 ante

69 3077 335 3151 vidimuS,
404 3077 500 3150 qui
560 3076 748 3134 forum
804 3082 863 3134 et
917 3075 1188 3134 basilicas
1234 3091 1349 3131 non
1410 3075 1604 3148 spoliis
1648 3075 2102 3148 provinciarum,
2179 3073 2281 3131 sed

68 3166 419 3224 ornamentis
466 3165 806 3237 amicorum,
865 3163 1174 3221 commodis
1216 3162 1501 3236 hospitum
1520 3208 1535 3234 ,
1588 3180 1705 3221 non
1746 3161 1914 3220 furtis
1956 3162 2280 3220 nocentium

67 3260 376 3325 ornarent3
437 3254 536 3326 qui
599 3258 794 3310 tamen
853 3253 1019 3325 signa
1063 3257 1237 3323 atque
1285 3256 1628 3309 ornamenta
1663 3266 1769 3308 sua
1815 3251 2020 3322 cuique
2066 3249 2279 3307 redde-

69 3341 242 3411 bant,
300 3357 414 3399 non
472 3341 669 3399 ablata
715 3356 785 3397 ex
846 3338 1084 3397 urbibus
1144 3339 1431 3397 sociorum
1487 3344 1663 3411 atque
1721 3339 2037 3396 amicorum
2090 3337 2284 3409 populi

226 3599 284 3664 1)
328 3598 597 3651 Lacunam
651 3597 846 3651 statuit
889 3597 1135 3660 Muther;
1191 3595 1451 3650 excidisse
1503 3600 1710 3651 censet:
1774 3602 1909 3651 certe
1953 3594 2080 3651 item
2123 3611 2289 3664 prae-

70 3669 212 3722 clari
267 3674 344 3720 cst
392 3668 637 3734 artificis,
725 3667 927 3722 Jordan
966 3672 1014 3719 et
1051 3671 1200 3719 certe.
1244 3668 1400 3719 Item.
1489 3667 1675 3720 Baiter
1710 3671 1766 3721 et
1805 3669 2013 3736 Kayser
2049 3672 2100 3720 et
2135 3673 2287 3720 recte.

71 3741 228 3793 Item.
358 3738 409 3806 2)
448 3739 627 3792 Verba
665 3739 739 3791 ad
774 3739 873 3790 vis,
949 3736 1247 3790 Garatonio
1286 3753 1314 3789 e
1353 3737 1516 3805 gloss,
1558 3741 1675 3790 orta
1715 3737 1982 3792 videntur.
2107 3739 2161 3803 3)
2202 3736 2291 3788 Sic

72 3812 180 3864 cod.
220 3809 373 3871 Par.;
407 3809 521 3862 eius
558 3808 708 3861 modi
743 3809 931 3867 Halm,
969 3807 1268 3865 Eberhard,
1308 3807 1507 3860 Miiller
1546 3824 1607 3860 ex
1643 3808 1757 3861 cod.
1799 3809 1925 3861 Vat.
2101 3809 2158 3867 4)
2198 3805 2293 3858 sed

71 3882 277 3939 Halm;
316 3879 466 3947 vulgo
507 3896 568 3933 ex
605 3879 753 3933 codd.
793 3883 856 3931 et.

1771 3948 1943 4013 194⁶*
