2669 4354
403 446 884 505 calamitosissimi
934 448 1043 505 viri
1097 444 1301 521 filiam,
1359 445 1425 504 L.
1474 445 1775 519 Scipionis.
1868 444 2043 503 Clara
2086 446 2149 502 in
2192 446 2300 503 hoc
2338 444 2402 501 P.
2443 445 2601 503 Sestii

400 535 589 606 pietas
650 536 871 593 exstitit
917 540 977 593 et
1015 535 1275 593 omnibus
1316 539 1510 608 grata,
1573 535 1727 606 quod
1774 539 1834 592 et
1878 534 2201 592 Massiliam
2246 533 2440 591 statim
2482 549 2602 605 pro-

400 620 588 679 fectus
638 627 752 696 est,
812 628 875 680 ut
931 640 1192 681 socerum
1247 622 1448 681 videre
1513 623 1913 694 consolarique
1965 626 2164 694 posset
2213 618 2484 679 fluctibus
2524 622 2602 678 rei
2657 639 2658 670 ι

397 709 668 782 publicae
717 712 1051 784 expulsum,
1096 711 1159 767 in
1194 711 1402 769 alienis
1440 711 1615 768 terris
1661 711 1968 783 iacentem,
2016 725 2186 782 quem
2226 710 2289 766 in
2336 709 2602 766 maiorum
2657 727 2658 732 ¹

399 813 632 856 suorum
678 799 938 871 vestigiis
985 802 1140 857 stare
1189 798 1529 871 oportebat:
1574 803 1635 855 et
1678 796 1753 856 ad
1800 814 1932 855 eum
1976 796 2157 855 filiam
2205 798 2327 854 eius
2363 795 2600 869 adduxit,

396 890 461 942 ut
504 885 603 944 ille
650 887 947 959 insperato
993 890 1230 958 aspectu
1273 886 1687 958 complexuque
1734 887 1783 942 si
1825 902 1940 943 non
1970 902 2219 959 omnem,
2266 889 2329 941 at
2366 884 2601 956 aliquam
2657 943 2658 966 χ

395 978 622 1045 partem
678 975 955 1032 maeroris
1002 974 1092 1032 sui
1138 974 1483 1046 deponeret,
1553 979 1614 1031 et
1668 974 1929 1031 maximis
1973 978 2289 1046 praeterea
2336 971 2602 1029 adsiduis·
2657 1043 2658 1046 Ἴ

397 1076 509 1132 que
531 1057 583 1140 ¹)
630 1059 835 1119 officiis
875 1067 937 1120 et
978 1062 1133 1118 illius
1178 1078 1544 1135 aerumnam,
1605 1062 1794 1133 quoad
1836 1061 2003 1132 vixit,
2052 1066 2114 1118 et
2155 1058 2312 1117 filiae
2361 1060 2602 1118 solitudi-
2657 1053 2658 1058 ’

395 1164 530 1205 nem
575 1150 939 1207 sustentavit.
1031 1150 1270 1207 Possum
1316 1150 1497 1207 multa
1542 1148 1740 1206 dicere
1786 1148 1858 1207 de
1894 1148 2269 1220 liberalitate,
2316 1147 2394 1205 de
2427 1147 2603 1205 dome·
2657 1139 2658 1218 f

395 1236 553 1293 sticis
636 1234 867 1310 officiiS,
943 1237 1015 1295 de
1095 1238 1393 1295 tribunatu
1467 1237 1739 1310 militari,
1824 1237 1896 1294 de
1978 1236 2321 1308 provinciali
2402 1235 2464 1291 in
2543 1252 2601 1292 eo

395 1323 736 1394 magistratu
801 1324 1180 1383 abstinentia:
1258 1325 1363 1382 sed
1435 1325 1576 1381 mihi
1662 1330 1795 1383 ante
1854 1325 2049 1382 oculos
2119 1324 2466 1382 obversatur
2527 1323 2603 1379 rei

394 1411 660 1483 publicae
705 1412 979 1486 dignitaS,
1041 1429 1189 1484 quae
1244 1430 1337 1471 me
1400 1412 1475 1470 ad
1529 1429 1657 1470 sese
1705 1412 1889 1485 rapit,
1958 1412 2104 1469 haec
2165 1411 2397 1469 minora
2443 1411 2602 1467 relin-

335 1508 373 1565 8
394 1498 575 1571 quere
615 1500 896 1557 hortatur.
986 1499 1270 1570 Quaestor
1310 1500 1406 1557 hic
1452 1497 1514 1556 C.
1555 1500 1812 1578 Antonii,
1858 1500 2136 1570 conlegae
2182 1500 2319 1571 mei,
2366 1497 2595 1570 iudiceS,

392 1584 505 1644 fuit
529 1593 703 1660 sorte,
751 1587 854 1645 sed
899 1588 1180 1645 societate
1227 1588 1596 1644 consiliorum
1639 1604 1814 1645 meus,
1905 1586 2202 1660 Impedior
2245 1603 2369 1643 non
2397 1586 2596 1643 nullius

393 1671 597 1748 officii,
657 1681 720 1732 ιιι
767 1692 873 1749 ego
920 1676 1300 1748 interpretor,
1361 1675 1652 1750 religione
1670 1719 1685 1749 ,
1742 1675 2042 1747 quominus
2090 1690 2399 1747 exponam,
2446 1689 2598 1746 quam

392 1763 572 1821 multa
622 1764 686 1825 P.
718 1761 970 1832 Sestius,
1018 1779 1148 1820 cum
1195 1768 1349 1821 esset
1394 1779 1523 1820 cum
1570 1764 1811 1836 conlega
1854 1779 2018 1836 me0,
2063 1762 2349 1835 senserit,
2400 1761 2474 1819 ad
2521 1777 2598 1818 me

392 1850 696 1924 detulerit,
758 1855 972 1923 quanto
1031 1855 1166 1908 ante
1226 1849 1561 1923 providerit.
1650 1850 1843 1923 Atque
1889 1865 1997 1923 ego
2043 1848 2116 1906 de
2161 1850 2425 1907 Antonio
2474 1848 2598 1905 nihil

391 1938 520 1996 dico
578 1943 817 2012 praeter
887 1955 1088 1995 unum:
1149 1954 1459 2010 numquam
1527 1938 1690 1995 illum
1755 1938 1857 1995 illo
1876 1932 1929 2017 ²)
1993 1953 2212 1995 summo
2277 1938 2490 1994 timore
2542 1952 2598 1992 ac

388 2026 648 2098 periculo
696 2026 945 2084 civitatis
991 2042 1181 2098 neque
1229 2040 1586 2083 communem
1631 2030 1848 2082 metum
1893 2026 2147 2082 omnium
2174 2040 2287 2081 nec
2320 2024 2598 2097 propriam

390 2130 508 2171 non
549 2114 834 2171 nullorum
880 2114 954 2171 de
1000 2114 1125 2187 ipso
1171 2114 1556 2187 suspicionem
1601 2117 1703 2170 aut
1745 2110 2046 2170 infitiando
2091 2112 2303 2169 tollere
2354 2117 2458 2170 aut
2501 2112 2597 2169 dis-

389 2202 710 2260 simulando
771 2201 976 2261 sedare
1037 2202 1300 2260 voluisse.
1400 2202 1468 2258 In
1512 2217 1622 2273 quo
1675 2202 1917 2274 conlega
1933 2196 1987 2281 ³)
2048 2201 2392 2259 sustinendo
2440 2206 2595 2272 atque

389 2289 742 2348 moderando
825 2291 874 2347 si
951 2306 1139 2347 meam
1202 2291 1261 2346 in
1330 2290 1493 2347 illum
1560 2287 1982 2363 indulgentiam
2049 2288 2426 2346 coniunctam
2488 2304 2596 2346 cum

387 2394 609 2435 summa
654 2378 918 2436 custodia
969 2379 1058 2437 rei
1113 2378 1380 2451 publicae
1438 2377 1676 2435 laudare
1723 2394 1860 2434 vere
1908 2375 2215 2449 solebatiS,
2275 2393 2391 2448 par
2434 2389 2595 2449 prope

387 2467 515 2523 laus
573 2465 636 2523 P.
685 2465 860 2524 Sestii
915 2482 1043 2524 esse
1097 2464 1298 2539 debet,
1359 2465 1455 2538 qui
1512 2465 1597 2522 ita
1664 2482 1829 2522 suum
1895 2465 2188 2522 consulem
2258 2463 2593 2533 observavit,

184 2534 185 2539 ἵ
388 2559 453 2611 ιιι
513 2559 575 2611 et
634 2554 722 2610 illi
780 2559 1050 2626 quaestor
1090 2554 1272 2611 bonus
1314 2558 1376 2610 et
1394 2556 1424 2631 f*
1420 2553 1682 2610 omnibus
1705 2547 1758 2632 4)
1806 2553 2056 2625 optimus
2102 2552 2243 2609 civis
2291 2551 2596 2610 videretur.

322 2644 371 2708 4
563 2640 752 2714 Idem,
819 2658 946 2700 cum
1012 2641 1111 2698 illa
1179 2640 1499 2698 coniuratio
1570 2657 1641 2697 ex
1704 2640 1945 2698 latebris
2007 2645 2179 2711 atque
2233 2655 2309 2697 ex
2347 2637 2593 2698 tenebris

329 2739 365 2795 9
388 2730 676 2802 erupisset
718 2730 1024 2802 palamque
1071 2733 1294 2786 armata
1339 2727 1629 2801 volitaret,
1674 2729 1836 2786 venit
1864 2745 1993 2784 cum
2036 2727 2299 2785 exercitu
2331 2726 2594 2801 Capuam,

385 2834 558 2890 quam
607 2816 808 2874 urbem
852 2822 1092 2888 propter
1135 2816 1412 2888 plurimas
1467 2815 1609 2873 belli
1654 2816 2113 2889 opportunitates
2159 2815 2235 2873 ab
2283 2816 2389 2874 illa
2433 2813 2595 2887 impia

387 2911 447 2964 et
501 2906 789 2963 scelerata
843 2920 1014 2961 manu
1060 2904 1275 2961 tentari
1319 2903 1770 2975 suspicabamur.
1876 2902 1939 2961 C.
1987 2903 2366 2961 Mevulanum
2388 2898 2461 2983 5),
2506 2901 2594 2958 tri-

383 2993 598 3051 bunum
667 2993 914 3050 militum
980 2990 1248 3064 Antonii,
1319 2988 1520 3063 Capua
1590 2991 1975 3063 praecipitem
2043 2991 2222 3048 eiecit
2238 3035 2252 3063 ,
2316 2991 2594 3049 hominem

381 3080 673 3154 perditum
709 3085 771 3138 et
815 3082 932 3138 n'on
977 3079 1221 3136 obscure
1267 3078 1497 3136 Pisauri
1541 3083 1602 3135 et
1647 3080 1709 3135 in
1755 3079 1889 3136 aliis
1934 3079 2060 3152 agri
2092 3076 2307 3136 Gallici
2344 3077 2593 3152 partibus

380 3169 444 3227 in
496 3169 600 3226 illa
660 3167 1055 3225 coniuratione
1111 3171 1426 3224 versatum.
1515 3165 1790 3238 Idemque
1839 3165 1899 3223 C.
1946 3167 2296 3224 Marcellum
2315 3211 2330 3240 ,
2384 3179 2512 3224 cum
2550 3164 2592 3219 is

378 3274 496 3315 non
555 3255 811 3330 Capuam
886 3255 1069 3312 solum
1129 3253 1413 3326 venisset,
1473 3269 1674 3310 verum
1735 3238 1910 3311 e‘tiam
1973 3270 2035 3311 se
2091 3255 2256 3326 quasi
2316 3266 2592 3311 armorum

522 3483 575 3547 1)
614 3482 703 3534 Sic
738 3482 1066 3543 Mommsen,
1105 3478 1248 3547 quod
1280 3478 1339 3530 in
1375 3481 1489 3547 opt.
1527 3477 1680 3531 codd.
1720 3482 1803 3532 est
1832 3477 2093 3531 nmoeimis
2123 3480 2460 3546 praeteritas
2493 3489 2590 3529 csse

383 3551 481 3605 sed
515 3552 588 3604 iis
647 3558 699 3605 et
734 3553 854 3618 off.;
887 3551 1050 3618 vulgo
1085 3553 1141 3602 et
1175 3547 1435 3601 maximis
1474 3547 1685 3615 officiis.
1856 3549 1909 3616 2)
1950 3549 2036 3601 Ita
2073 3552 2183 3616 opt.
2220 3551 2396 3614 codd.;
2435 3548 2586 3612 vulgo

374 3624 441 3675 in
493 3621 590 3674 illo
644 3636 686 3674 8.
729 3622 934 3674 timore.
1166 3620 1218 3685 3)
1259 3618 1482 3685 conlcya
1524 3634 1644 3672 unc.
1697 3618 1823 3671 incl.
1874 3619 2172 3672 Eberhard.
2411 3620 2465 3685 4)
2509 3615 2586 3669 Sic

375 3691 613 3757 Koch153
670 3690 823 3745 codd.
878 3696 929 3743 et
974 3689 1122 3742 vobis
1167 3688 1430 3741 ommibus,
1504 3688 1743 3754 Richter,
1800 3688 1967 3742 Hertz
2005 3689 2041 3742 l.
2072 3705 2116 3741 c.
2157 3705 2209 3757 p.
2231 3689 2298 3742 27
2343 3694 2393 3741 et
2445 3685 2586 3740 bonis

375 3761 643 3816 omnibus,
800 3762 833 3814 5
898 3759 987 3814 Sic
1023 3758 1175 3812 codd.
1215 3761 1353 3827 opt.;
1409 3762 1719 3826 corruptum
1758 3775 1876 3812 esse
1913 3775 2108 3812 nomen
2147 3758 2434 3813 admodum
2471 3755 2587 3808 veri-

338 3860 341 3865 <
376 3832 555 3885 simile
593 3834 690 3885 est.
834 3830 1123 3896 esulanum
1178 3829 1314 3883 coni.
1365 3827 1590 3881 Hiibner
1641 3829 1760 3896 eph.
1801 3829 1971 3897 epigr.
2006 3829 2065 3881 II
2100 3830 2199 3893 413
2251 3829 2584 3883 Menolavum

372 3902 545 3956 Hertz
580 3904 617 3958 1.
657 3918 704 3955 c.
745 3902 830 3955 34.
906 3898 1293 3953 Faesulanum
1329 3897 1549 3952 Urlichs
1584 3915 1653 3951 m.
1690 3899 1794 3952 Rh.
1821 3900 1909 3964 33,
1940 3899 2057 3952 151.
