2669 4354
422 252 546 308 342
1189 263 1469 306 Accvsxr.
1514 265 1580 305 m
1621 264 1871 305 VERREM

279 443 398 499 117
595 438 812 497 Urbem
862 438 1175 510 Syracusas
1227 439 1532 495 maximam
1581 455 1709 496 esse
1757 438 2140 513 Graecarum,
2195 439 2609 512 pulcherrimam

421 528 673 584 omnium
731 542 906 597 saepe
964 525 1220 584 audistis.
1342 525 1475 599 Est,
1536 526 1790 599 iudices,
1847 527 1958 600 ita,
2021 531 2084 583 ut
2144 527 2371 585 dicitur.
2486 527 2611 584 Nam

422 620 484 671 et
522 609 636 672 situ
684 620 771 672 est
813 630 937 671 cum
995 614 1214 671 munito
1260 620 1380 670 tum
1438 630 1507 670 ex
1564 616 1717 671 omni
1779 614 1939 672 aditu
1992 613 2085 671 vel
2146 620 2305 672 terra
2350 616 2438 674 vel
2489 616 2611 672 mari

419 702 723 774 praeclaro
770 700 844 758 ad
888 707 1218 773 aspectum,
1281 708 1342 759 et
1399 707 1597 772 portus
1641 701 1822 760 habet
1864 717 2049 775 prope
2111 703 2172 758 in
2237 701 2609 761 aedificatione

421 791 802 862 amplexuque
829 782 879 868 1)
943 787 1099 846 urbis
1161 788 1444 861 inclus08,
1503 790 1598 861 qui
1652 806 1779 846 cum
1825 788 2082 848 diversos
2139 791 2296 848 inter
2341 807 2405 848 se
2449 791 2609 849 aditus

419 878 699 951 habeant,
752 878 812 934 in
874 877 1030 935 exitu
1059 877 1517 948 .coniunguntur
1577 882 1637 933 et
1692 874 2003 934 confluunt.
2123 877 2345 935 Eorum
2409 880 2609 937 coniun-

421 967 613 1024 ctione
681 981 816 1037 pars
884 963 1110 1038 oppidi,
1204 980 1354 1036 quae
1437 963 1764 1037 appellatur
1841 965 2062 1037 Insula,
2159 967 2306 1022 mari
2385 966 2612 1024 diiuncta

316 1047 407 1114 53·
421 1059 693 1126 angusto,
755 1058 929 1125 ponte
978 1067 1174 1109 rursus
1220 1050 1557 1124 adiungitur
1605 1056 1667 1108 et
1724 1052 2072 1110 continetur.
2179 1053 2270 1110 Ea
2332 1060 2493 1112 tanta
2544 1061 2614 1111 est

276 1141 400 1198 118
421 1136 586 1214 urbs,
633 1146 696 1198 ut
743 1156 813 1197 ex
856 1144 1127 1211 quattuor
1170 1139 1408 1196 urbibus
1453 1139 1716 1197 maximis
1764 1145 2029 1198 constare
2076 1140 2332 1214 dicatur3
2405 1160 2614 1214 quarum

422 1245 536 1286 una
573 1233 662 1285 est
708 1244 804 1302 ea,
851 1243 1020 1298 quam
1062 1226 1208 1300 dixi,
1255 1226 1470 1301 Insula,
1515 1243 1663 1299 quae
1711 1226 1931 1286 duobus
1976 1224 2301 1305 portibus2)
2347 1231 2530 1287 cincta
2567 1230 2615 1286 in

421 1316 718 1387 utriusque
775 1321 973 1387 portus
1027 1314 1234 1371 ostium
1290 1313 1621 1387 aditumque
1680 1315 1940 1387 proiecta
1992 1322 2108 1387 est3
2168 1317 2232 1374 in
2278 1334 2398 1388 qua
2442 1318 2616 1376 domus

422 1409 538 1477 est,
587 1419 736 1475 quae
782 1402 1051 1460 Hieronis
1097 1402 1253 1473 regis
1299 1399 1434 1475 fuit,
1496 1419 1610 1474 qua
1654 1408 1956 1474 praetores
2002 1405 2087 1461 uti
2133 1405 2345 1462 solent.
2449 1407 2511 1462 In
2561 1422 2615 1463 ea

421 1497 555 1549 sunt
620 1490 797 1549 aedes
857 1505 1060 1547 sacrae
1128 1489 1479 1562 complureS,
1549 1489 1652 1548 sed
1719 1490 1896 1562 duae,
1962 1507 2111 1563 quae
2180 1493 2359 1564 longe
2427 1493 2615 1552 ceteris

421 1578 806 1651 antecellant,
852 1577 1079 1635 Dianae
1105 1570 1174 1657 3),
1222 1583 1284 1634 et
1322 1579 1537 1651 altera,
1583 1594 1733 1650 quae
1780 1577 1890 1635 fuit
1937 1584 2073 1637 ante
2114 1580 2279 1637 istius
2330 1581 2614 1639 adventum

420 1667 812 1738 ornatissima,
869 1665 1190 1722 Minervae.
1297 1664 1365 1721 In
1410 1665 1520 1722 hac
1564 1666 1752 1723 insula
1811 1671 2069 1724 extrema
2121 1672 2210 1725 est
2269 1665 2405 1727 fons
2454 1684 2613 1743 aquae

404 1750 634 1828 'dulciS,
710 1755 803 1811 cui
846 1768 1057 1810 nomen
1103 1751 1394 1810 Arethusa
1439 1759 1553 1827 est,
1626 1753 1954 1811 incredibili
2002 1755 2408 1827 magnitudine
2428 1802 2442 1830 ,
2509 1758 2610 1830 ple-

418 1843 686 1900 nissimus
731 1841 1001 1913 piscium,
1055 1840 1152 1911 qui
1209 1838 1383 1897 fluctu
1430 1845 1586 1898 totus
1631 1841 1985 1914 operiretur,
2050 1843 2163 1899 nisi
2201 1845 2519 1903 munitione
2557 1859 2611 1899 ac
2658 1860 2659 1915 j

278 1931 397 1987 119
417 1930 566 1988 mole
614 1929 869 2002 lapidum
910 1927 1199 1986 diiunctus
1245 1933 1402 1985 esset
1458 1945 1493 1986 a
1545 1930 1707 1986 mari.
1830 1928 2037 1986 Altera
2093 1936 2290 1987 autem
2357 1939 2448 1991 est
2498 1933 2612 1990 urbs
2658 1972 2659 2003 ᾗ

418 2017 748 2092 SyracusiS,
808 2017 899 2073 cui
957 2032 1163 2073 nomen
1208 2014 1540 2073 Achradina
1597 2022 1718 2089 est,
1776 2016 1837 2072 in
1898 2032 2009 2088 qua
2059 2017 2244 2075 forum
2306 2021 2611 2089 maximnm,
2658 2014 2659 2059 ἶ

417 2105 842 2180 pulcherrimae
899 2104 1180 2176 porticus,
1237 2087 1663 2162 ornatissimum
1720 2104 2051 2176 prytanium
2071 2150 2085 2179 ,
2143 2107 2498 2177 amplissima
2542 2113 2613 2165 est
2658 2066 2659 2133 ¹

420 2194 584 2251 curia
632 2194 1017 2264 templumque
1064 2192 1361 2264 egregium
1408 2192 1557 2250 Iovis
1603 2192 1850 2265 Olympii
1900 2199 2250 2265 ceteraeque
2302 2198 2463 2255 urbis
2504 2212 2611 2268 par-

419 2287 542 2354 teS,
605 2296 753 2353 quae
806 2296 920 2337 una
971 2280 1064 2337 via
1117 2279 1238 2336 lata
1289 2287 1574 2352 perpetu·
1641 2280 1946 2352 multisque
2010 2284 2362 2341 transversis
2420 2285 2611 2343 divisae

418 2370 659 2441 privatis
704 2364 981 2426 aedificiis
1022 2368 1405 2425 continentur.
1514 2367 1714 2425 Tertia
1754 2374 1845 2426 est
1900 2368 2067 2442 urbs,
2122 2385 2268 2441 quae
2292 2415 2306 2442 ,
2373 2372 2518 2445 quod
2563 2372 2610 2426 in

422 2473 493 2515 ea
551 2460 718 2528 parte
763 2455 1055 2513 Fortunae
1116 2454 1308 2512 fanum
1370 2456 1669 2527 antiquum
1716 2453 1850 2529 fuit,
1912 2456 2106 2529 Tycha
2158 2459 2460 2519 nominata
2517 2464 2611 2516 est:

419 2546 479 2601 in
523 2560 636 2615 qua
680 2543 1035 2617 gymnasium
1084 2543 1493 2614 amplissimum
1541 2548 1632 2600 est
1679 2548 1740 2600 et
1798 2545 2120 2617 complures
2170 2546 2353 2604 aedes
2415 2563 2611 2614 sacrae,

420 2631 739 2704 coliturque
787 2646 858 2687 ea
916 2646 1051 2703 pars
1103 2635 1163 2688 et
1222 2630 1523 2688 habitatur
1583 2628 2065 2703 frequentissime.
2156 2632 2381 2704 Quarta
2442 2642 2613 2692 autem

420 2725 536 2793 est,
597 2735 773 2792 quae,
839 2718 972 2789 quia
1015 2723 1307 2791 postrema
1353 2711 1727 2775 coaedificata
1771 2723 1887 2790 est,
1953 2720 2229 2791 Neapolis
2288 2724 2615 2790 nominatur,

419 2824 590 2879 quam
632 2806 704 2864 ad
762 2822 1037 2864 summam
1097 2806 1386 2864 theatrum
1444 2805 1749 2862 maximum
1770 2799 1854 2884 4),
1900 2813 2210 2879 praeterea
2257 2808 2372 2868 duo
2419 2809 2615 2883 templa
2656 2817 2657 2856 ὲ

419 2900 553 2952 sunt
599 2893 865 2968 egregia,
928 2891 1158 2951 Cereris
1209 2905 1421 2966 unum,
1472 2894 1714 2951 alterum
1758 2892 2012 2952 Liberae
2073 2896 2415 2970 signumque
2462 2899 2619 2970 Apol·
2656 2913 2657 2950 3

417 2983 577 3057 liniS,
631 2983 729 3054 qui
771 2981 1103 3039 Temenites
1150 2986 1414 3053 vocatur,
1473 2980 1918 3053 pulcherrimum
1966 2986 2049 3056 et,
2081 2985 2419 3059 maximum,
2483 2984 2615 3059 quod
2656 2957 2657 3052 l

417 3072 527 3129 iste
565 3070 614 3128 si
657 3075 892 3142 portare
938 3070 1244 3141 potuisset,
1292 3085 1406 3125 non
1453 3067 1777 3127 dubitasset
1822 3068 2072 3128 auferre.

313 3151 402 3218 54
593 3159 760 3215 Nunc
813 3155 888 3214 ad
938 3155 1279 3214 Marcellum
1325 3161 1613 3229 revertar,
1683 3174 1756 3214 ne
1820 3157 1966 3215 haec
2026 3174 2061 3216 a
2119 3176 2213 3217 me
2272 3162 2395 3217 sine
2457 3176 2619 3219 causa

275 3247 399 3304 120
418 3250 865 3304 commemorata
910 3261 1037 3302 esse
1084 3243 1406 3301 videantur.
1499 3245 1607 3314 Qui
1652 3261 1782 3301 cum
1837 3250 1956 3302 tam
2012 3247 2376 3317 praeclaram
2430 3250 2619 3306 urbem

417 3336 473 3391 vi
517 3334 813 3406 copiisque
860 3334 1136 3404 cepisset,
1181 3348 1295 3388 non
1340 3332 1566 3403 putavit
1609 3330 1683 3389 ad
1726 3331 1958 3390 laudem
2003 3336 2200 3406 populi
2228 3336 2476 3394 Romani
2521 3338 2618 3393 hoc

415 3422 747 3495 pertinere,
793 3422 945 3478 hanc
989 3418 1502 3491 pulchritudinem,
1551 3434 1620 3477 ex
1654 3435 1768 3492 qua
1802 3423 2150 3492 praesertim
2196 3425 2443 3495 periculi
2489 3424 2618 3482 nihil

646 3658 697 3723 1)
759 3655 1120 3722 amplexuque
1181 3653 1246 3707 de
1306 3652 1554 3706 Classeni
1614 3654 1749 3707 coni.
1814 3654 2005 3717 Halm3
2077 3656 2226 3723 vulg.
2291 3663 2618 3725 aspectuque.

417 3726 472 3792 2)
527 3726 680 3778 Hanc
713 3727 939 3777 formam
982 3724 1144 3778 habet
1181 3724 1294 3778 cod.
1345 3724 1515 3792 Reg.;
1572 3724 1668 3776 alii
1717 3723 1840 3777 libri
1885 3725 2165 3791 portubus.
2373 3728 2428 3793 3)
2470 3729 2617 3794 Vulg.

420 3794 637 3849 additur
671 3810 814 3856 wna,
853 3794 993 3861 quod
1028 3796 1083 3847 in
1123 3794 1273 3849 codd.
1308 3799 1417 3862 opt.
1460 3794 1637 3856 deest;
1676 3811 1776 3847 rec.
1810 3811 1928 3847 una
1960 3795 2258 3851 Eberhard.
2405 3799 2464 3858 4)
2506 3797 2616 3868 [est]

408 3863 721 3916 maximum
756 3863 1056 3929 Eberhard,
1105 3864 1246 3932 quod
1283 3869 1364 3917 est
1402 3863 1618 3917 additur
1653 3865 1709 3916 in
1745 3864 1896 3920 codd.
1934 3864 2067 3921 dett.
