2669 4354
4 84 25 425 ί
768 271 883 311 PRO
925 272 978 310 Τ.
1023 270 1210 311 Amo
1254 271 1501 313 monn.
2119 256 2238 312 171

81 442 201 551 Etsi
252 508 477 566 vereor,
542 491 800 566 iudiceS,
862 509 937 550 ne
998 496 1169 565 turpe
1227 492 1303 549 sit
1356 509 1461 564 pro
1522 489 1835 549 fortissimo
1878 491 2003 548 viro
2049 490 2247 549 dicere
2265 489 2306 555 1

4 468 11 519 t

79 590 407 662 incipientem
476 590 681 648 timere
752 588 1100 660 minimeque
1172 589 1413 662 deceat,
1510 605 1641 646 cum
1709 588 1774 646 T.
1833 588 2056 647 Annius
2122 589 2245 662 ipse
2270 587 2303 642 1

79 679 222 750 magis
281 677 353 734 de
415 678 506 736 rei
576 676 843 750 publicae
915 677 1100 735 salute
1161 693 1332 749 quam
1386 675 1460 734 de
1519 693 1622 734 sua
1675 674 2079 750 perturbetur,
2152 693 2245 735 me

78 765 133 823 ad
170 766 281 822 eius
327 781 564 823 causam
608 781 809 838 parem
868 765 1045 823 animi
1099 764 1554 837 magnitudinem
1599 762 1830 823 adferre
1874 780 1989 822 non
2043 780 2246 837 posse:

4 862 7 911 ἐ
79 858 234 912 tamen
270 853 417 911 haec
464 854 599 912 novi
642 852 839 910 iudicii
884 868 1033 910 nova
1076 850 1261 910 forma
1306 856 1494 910 terret
1533 852 1728 910 oculos
1747 897 1763 924 ,
1808 853 1939 926 qui,
1981 868 2248 925 quocum·

77 958 159 1013 que
198 940 556 1015 inciderunt,
619 939 1094 998 consuetudinem
1138 938 1247 997 fori
1294 944 1356 997 et
1397 939 1703 1012 pristinum
1746 955 1965 999 morem
2010 940 2249 997 iudicio-

75 1045 172 1084 rum
218 1029 537 1101 requirunt.
627 1028 760 1086 Non
807 1028 960 1085 enim
1022 1043 1234 1085 corona
1280 1043 1580 1086 consessus
1618 1031 1815 1086 vester
1870 1028 2090 1086 cinctus
2141 1032 2250 1101 est,
2271 1023 2307 1079 2

74 1121 120 1172 ut
168 1117 382 1175 solebat
398 1161 414 1190 ,
494 1132 612 1174 non
672 1116 887 1174 usitata
948 1112 1276 1187 frequentia
1340 1116 1539 1187 stipati
1606 1131 1830 1188 sumus3
1904 1133 2019 1174 non
2038 1110 2089 1194 ¹)
2149 1116 2253 1174 illa

74 1204 329 1274 praesidia
345 1249 362 1278 ,
426 1221 573 1276 quae
628 1220 733 1276 pro
787 1204 1016 1275 templis
1063 1203 1326 1261 omnibus
1381 1204 1648 1277 cernitiS,
1709 1204 1819 1261 etsi
1881 1209 2082 1262 contra
2139 1204 2254 1262 vim

75 1293 336 1351 conlocata
355 1284 412 1373 2)
460 1296 621 1366 sunt,
682 1308 798 1350 non
844 1290 1116 1349 adferunt
1172 1295 1369 1349 tamen
1416 1292 1634 1349 oratori
1651 1283 1703 1369 3)
1764 1291 2012 1364 aliquid,
2071 1296 2135 1349 ut
2192 1292 2254 1348 in

72 1378 167 1436 foro
203 1385 259 1438 et
302 1381 365 1437 in
415 1380 630 1437 iudicio
649 1425 664 1453 ,
724 1394 1067 1453 quamquam
1123 1379 1431 1450 praesidiis
1477 1379 1824 1438 salutaribus
1872 1384 1932 1438 et
1985 1395 2252 1438 necessa·

70 1467 147 1524 riis
195 1469 380 1542 saepti
443 1484 637 1525 sumus
655 1512 671 1541 ,
746 1472 942 1525 tamen
999 1483 1074 1524 ne
1129 1483 1245 1524 non
1303 1468 1512 1524 timere
1575 1466 1810 1539 quidem
1866 1468 1991 1526 sine
2062 1467 2253 1539 aliquo

72 1557 239 1614 timore
296 1556 605 1628 possimus.
709 1555 870 1626 Quae
931 1555 981 1613 si
1040 1555 1306 1627 opposita
1361 1554 1568 1612 Miloni
1626 1559 1925 1629 putarem,
1986 1555 2255 1612 cederem

70 1643 390 1715 temporibus
411 1688 427 1716 ,
487 1642 708 1701 iudices
725 1688 740 1716 ,
793 1659 903 1700 nec
964 1643 1120 1699 inter
1177 1645 1402 1699 tantam
1461 1642 1575 1699 vim
1628 1657 1919 1700 armorum
1966 1642 2255 1701 existima-

70 1747 168 1788 rem
208 1749 331 1790 esse
377 1731 630 1788 orationi
654 1722 710 1810 ⁴)
755 1731 960 1790 locum.
1052 1729 1167 1788 Sed
1211 1746 1303 1787 me
1349 1733 1583 1788 recreat
1622 1734 1682 1787 et
1725 1728 1913 1788 reficit
1955 1729 2058 1790 Cn.
2087 1730 2254 1788 Pom-

69 1819 187 1893 peii,
246 1819 663 1892 sapientissimi
718 1822 778 1878 et
822 1818 1119 1876 iustissimi
1141 1811 1192 1896 5)
1249 1817 1390 1891 viri,
1451 1817 1781 1889 consilium3
1843 1818 1938 1890 qui
1994 1817 2257 1891 profecto

69 1922 153 1963 nec
199 1909 463 1966 iustitiae
520 1922 660 1964 suae
716 1910 949 1978 putaret
966 1900 1017 1983 ⁶)
1078 1921 1206 1964 esse
1225 1950 1240 1978 ,
1298 1920 1472 1977 quem
1530 1921 1695 1963 reum
1750 1905 2055 1964 sententiis
2110 1904 2258 1963 iudi-

75 2010 177 2051 cum
234 1993 607 2064 tradidisset,
671 1994 916 2052 eundem
976 1994 1109 2051 telis
1155 1993 1401 2050 militum
1448 1991 1693 2066 dedere,
1754 2009 1863 2051 nec
1919 1993 2260 2066 sapientiae,

75 2083 436 2143 temeritatem
492 2082 817 2140 concitatae
880 2080 1259 2138 multitudinis
1329 2081 1675 2139 auctoritate
1732 2080 1963 2153 publica
2013 2097 2259 2139 armare.

6 2199 17 2256 ζ
78 2168 226 2240 Quam
264 2170 337 2230 ob
382 2186 515 2228 rem
574 2170 678 2228 illa
722 2186 910 2241 arma,
975 2169 1374 2242 centurioneS,
1442 2167 1711 2227 cohortes
1768 2186 1884 2227 non
1940 2169 2262 2243 periculum
2282 2163 2321 2220 3

6 2257 15 2344 ζ
77 2260 239 2332 nobiS,
295 2259 409 2317 sed
463 2258 818 2331 praesidium
865 2257 1239 2331 denuntiant,
1300 2272 1488 2328 neque
1539 2257 1723 2314 solum
1764 2261 1830 2314 ut
1873 2257 2101 2331 quieto,
2160 2256 2265 2316 sed

6 2349 13 2388 ἑ
80 2349 224 2404 etiam
264 2353 330 2404 ut
374 2362 591 2418 magno
638 2346 828 2403 animo
875 2345 1076 2417 simuS,
1130 2345 1473 2418 hortantur,
1531 2360 1721 2416 neque
1783 2345 2056 2403 auxilium
2095 2346 2264 2404 modo

5 2397 17 2486 ἶ
79 2432 373 2493 defensioni
438 2450 607 2492 meae
626 2478 641 2507 ,
706 2449 910 2491 verum
970 2433 1147 2491 etiam
1207 2432 1501 2490 silentium
1544 2432 1907 2506 pollicentur.
2016 2432 2266 2505 Reliqua

78 2538 187 2580 vero
228 2521 568 2595 multitud0,
614 2537 762 2593 quae
810 2520 1042 2592 quidem
1091 2524 1179 2578 est
1224 2520 1459 2593 civium,
1505 2525 1628 2578 tota
1672 2525 1872 2578 nostra
1918 2525 2031 2594 est,
2075 2538 2265 2593 neque

79 2625 247 2668 eorum
290 2612 633 2682 quisquam,
680 2624 822 2680 quos
868 2607 1119 2679 undique
1166 2608 1486 2680 intuenteS,
1541 2607 1694 2666 unde
1739 2609 1935 2680 aliqua
1978 2607 2089 2666 fori
2130 2625 2266 2682 pars

78 2696 265 2770 adspici
304 2703 537 2772 potest,
594 2701 654 2753 et
695 2696 864 2753 huius
910 2696 1127 2753 exitum
1172 2695 1370 2753 iudicii
1412 2700 1820 2768 exspectantes
1863 2695 2072 2753 videtis
2090 2740 2105 2769 ,
2148 2713 2266 2754 non

78 2800 183 2842 cum
224 2786 429 2844 virtuti
453 2785 688 2843 Milonis
734 2782 923 2857 favet,
972 2788 1091 2840 tum
1134 2783 1206 2839 de
1254 2800 1344 2856 se,
1391 2783 1463 2842 de
1509 2783 1709 2841 liberis
1748 2784 1893 2856 suiS,
1939 2783 2011 2841 de
2055 2784 2265 2857 patria,

77 2870 132 2929 de
172 2873 416 2932 fortunis
460 2871 742 2929 hodierno
787 2872 883 2929 die
929 2870 1219 2929 decertari
1274 2875 1455 2943 putat.
1555 2870 1744 2929 Unum
1792 2886 1973 2944 genus
2019 2876 2108 2929 est
2165 2871 2267 2929 ad·
2285 2859 2327 2926 2

77 2975 277 3019 versum
323 2960 715 3031 infestumque
759 2960 924 3017 nobis
941 3003 957 3032 ,
1018 2974 1244 3031 eorum,
1293 2974 1435 3031 quos
1478 2957 1542 3016 P.
1586 2957 1772 3016 Clodii
1831 2958 1990 3016 furor
2048 2959 2266 3031 rapinis

79 3053 125 3103 et
156 3050 436 3109 incendiis
485 3053 545 3106 et
591 3047 850 3106 omnibus
884 3047 1076 3104 exitiis
1121 3046 1365 3118 publicis
1406 3045 1598 3119 pavit:
1646 3046 1745 3119 qui
1787 3046 2062 3105 hesterna
2093 3046 2271 3104 etiam

79 3139 319 3196 contione
365 3136 597 3194 incitati
644 3139 806 3209 sunt,
868 3139 932 3192 ut
974 3134 1135 3192 vobis
1180 3151 1321 3192 voce
1368 3135 1669 3206 praeirent
1711 3134 1848 3208 quid
1904 3133 2268 3193 iudicaretis:

4 3451 7 3474 ,
197 3405 247 3472 1)
303 3404 394 3457 Sic
431 3403 584 3457 codd.
623 3406 759 3471 opt.;
813 3401 1068 3457 Garaton.
1121 3405 1175 3455 et
1217 3402 1396 3455 Madv.
1444 3417 1591 3469 susp.
1624 3416 1736 3454 nec.
1808 3399 1957 3453 Bake
1994 3400 2104 3453 sch.
2145 3400 2273 3468 hyp.

77 3471 137 3523 IV
181 3492 231 3542 p.
276 3474 382 3529 285
444 3478 493 3527 et
535 3473 638 3526 illa
675 3471 970 3541 praesidia
989 3513 1002 3536 ‚
1075 3488 1214 3539 quae
1249 3504 1317 3512 —
1356 3471 1615 3525 collocata
1662 3475 1817 3539 swnt,
1877 3470 1977 3523 hoc
2036 3469 2277 3536 afferunt

79 3545 266 3611 tamen,
317 3550 414 3607 ut,·
457 3545 590 3597 Wex
627 3560 756 3596 nam
791 3542 894 3595 illa
920 3542 1237 3609 praesidia,
1285 3557 1425 3609 quae
1463 3574 1531 3581 —
1568 3545 1725 3607 sunt,
1774 3539 2037 3606 adferwnt
2073 3544 2275 3595 tamen.

81 3609 122 3678 2)
157 3613 239 3668 Sic
273 3616 551 3678 Lambin.;
589 3614 741 3668 codd.
782 3613 997 3666 collata.
1149 3614 1203 3681 3)
1239 3611 1476 3681 oratori,
1514 3609 1804 3681 Garatoni,
1840 3610 2073 3679 Kayser,
2113 3610 2278 3665 Eber-

78 3679 192 3737 hard
227 3686 383 3739 uncis
419 3686 610 3739 inclus.
695 3684 876 3751 Vulgo
916 3683 996 3737 ed.
1035 3682 1259 3735 terroris
1309 3680 1550 3750 aliquid,
1609 3680 1746 3751 quod
1797 3688 1856 3734 ln
1892 3681 2001 3735 Erf.
2044 3683 2128 3734 est
2174 3687 2277 3735 ter-

80 3767 206 3806 rores
241 3755 470 3823 aliquid.
612 3756 667 3823 4)
709 3754 797 3807 Sic
833 3753 948 3807 cod.
987 3754 1122 3821 Erf„
1160 3753 1257 3806 alii
1290 3770 1352 3806 ex
1389 3755 1491 3807 cet.
1530 3751 1681 3805 codd.
1722 3751 1949 3805 oratori.
2094 3752 2148 3817 5)
2190 3751 2277 3805 Sic

83 3822 149 3877 ed.
185 3824 414 3890 Aldina3
473 3826 624 3881 codd.
671 3822 1028 3878 illustrissim.
1191 3823 1244 3892 6)
1303 3822 1605 3884 Heumann.
1644 3822 1779 3876 coni.
1810 3821 2062 3899 patav-it,
2126 3821 2274 3874 Bake

78 3896 295 3957 putavit.
1484 3905 1500 3916 ⁰
1791 3895 1802 3909 ²
1881 3907 1894 3923 '⁴
