2669 4354
926 257 1039 297 PRO
1082 257 1354 297 MVRENA.
2125 245 2247 302 143

2288 393 2295 419 1

89 426 260 485 factum
306 446 427 489 esse
474 432 648 489 etiam
692 432 934 503 populus
980 430 1319 501 admiretur,
1373 429 1536 501 quasi
1581 446 1719 487 vero
1763 447 1877 487 nou
1921 432 2045 504 ipse
2092 432 2251 491 fece·
2295 462 2301 471 ·

86 517 151 575 rit.
229 518 384 574 Nihil
437 526 525 576 est
578 521 856 577 incertius
901 519 1096 592 volg0,
1161 518 1302 574 nihil
1365 516 1660 574 obscurius
1711 520 2004 577 voluntate
2065 521 2247 578 homi·
2268 523 2348 580 36

86 622 212 677 num,
253 607 391 662 nihil
431 605 696 666 fallacius
740 608 965 677 ratione
1013 612 1134 663 tota
1180 606 1555 663 comitiorum.
1647 607 1786 677 Quis
1825 606 1888 662 L.
1922 607 2247 681 Philippum

84 709 259 751 summo
302 695 562 768 ingenie,
610 711 789 767 opera
812 690 887 775 l),
929 696 1144 767 gratia,
1181 693 1486 751 nobilitate
1535 710 1570 750 a
1616 695 1696 751 M.
1737 694 2031 753 Herennio
2077 712 2246 769 supe-

83 781 172 837 rari
209 799 370 854 posse
416 783 729 841 arbitratus
777 787 898 840 est‘?
941 783 1068 855 quis
1098 781 1161 851 Q.
1197 780 1463 838 Catulum
1508 781 1895 855 humanitate,
1942 784 2245 858 sapientia,

82 869 370 940 integritate
413 873 861 929 antecellentem
906 886 941 927 a
983 869 1080 929 Cn.
1117 870 1372 926 Manlio?
1430 869 1556 940 quis
1601 870 1680 926 M.
1713 871 2017 945 Scaurum,
2067 872 2245 930 homi-

82 973 182 1014 nem
235 959 651 1032 gravissimum,
697 960 878 1017 civem
924 959 1252 1031 egregium,
1298 956 1668 1014 fortissimum
1709 965 2071 1035 senatorem,
2115 976 2150 1017 a
2179 961 2244 1032 Q.

81 1043 325 1102 Maximo?
424 1047 553 1105 Non
599 1048 768 1105 modo
814 1048 1014 1103 horum
1061 1047 1204 1103 nihil
1245 1046 1328 1102 ita
1372 1043 1500 1102 fore
1545 1050 1809 1118 putatum
1855 1052 1971 1121 est,
2026 1049 2129 1106 sed
2170 1066 2245 1106 ne

81 1148 177 1193 cum
214 1140 364 1191 esset
416 1134 633 1193 factum
685 1135 944 1208 quidem,
1019 1151 1131 1205 qua
1195 1150 1260 1191 re
1321 1134 1408 1190 ita
1476 1133 1692 1190 factum
1759 1141 1916 1192 esset
1981 1136 2244 1209 intellegi

81 1223 251 1293 potuit3
310 1239 441 1279 nam
488 1229 552 1280 ut
602 1227 981 1296 tempestates
1024 1238 1200 1293 saepe
1247 1225 1410 1277 certo
1454 1222 1646 1292 aliquo
1693 1222 1844 1279 caeli
1888 1224 2051 1296 signo
2092 1241 2245 1281 com-

81 1315 357 1384 moventur,
418 1327 593 1383 saepe
641 1312 949 1384 improviso
995 1311 1153 1366 nulla
1198 1326 1270 1366 ex
1316 1314 1480 1366 certa
1521 1310 1780 1383 ratione,
1848 1310 2093 1369 obscura
2139 1313 2244 1370 ali-

82 1412 162 1464 qua
212 1414 280 1454 ex
328 1415 506 1457 causa
565 1401 954 1471 concitantur,
1043 1398 1124 1455 sic
1182 1398 1241 1454 in
1301 1397 1411 1453 hac
1474 1398 1834 1454 comitiorum
1891 1404 2242 1472 tempestate

81 1486 298 1556 populari
360 1504 536 1559 saepe
604 1489 912 1559 intellegas
982 1503 1091 1558 quo
1156 1486 1319 1559 signo
1383 1490 1665 1542 commota
1732 1486 1838 1559 sit,
1913 1504 2090 1560 saepe
2158 1489 2243 1547 ita

79 1572 277 1630 obscura
297 1569 348 1651 2)
397 1581 516 1648 est,
578 1583 642 1634 ut
697 1593 834 1633 casu
896 1574 1151 1631 excitata
1205 1589 1333 1630 esse
1384 1573 1666 1630 videatur.
1766 1572 1880 1632 Sed
1942 1581 2135 1633 tamen
2192 1578 2241 1635 si
2259 1568 2348 1635 18

79 1665 141 1715 est
175 1662 465 1720 reddenda
519 1665 696 1736 ratio,
760 1664 907 1721 duae
954 1679 1048 1719 res
1093 1662 1472 1719 vehementer
1512 1662 1574 1717 in
1625 1667 1901 1731 praetura
1948 1662 2242 1723 desidera·
2263 1664 2345 1720 37

79 1751 145 1802 tae
182 1756 330 1823 sunt,
388 1768 537 1822 quae
585 1753 790 1809 ambae
837 1752 897 1809 in
941 1749 1242 1807 consulatu
1260 1743 1311 1828 3)
1351 1749 1634 1805 Murenae
1680 1747 2043 1820 profuerunt:
2108 1768 2240 1826 una,

79 1840 385 1907 exspectatio
449 1841 736 1913 muneris,
798 1856 946 1911 quae
1006 1843 1064 1895 et
1108 1853 1337 1895 rumore
1398 1853 1512 1893 non
1572 1837 1729 1893 nullo
1773 1841 1834 1893 et
1877 1837 2078 1896 studiis
2121 1857 2242 1897 ser-

79 1925 406 1998 monibusque
457 1929 891 1999 competitorum
936 1931 1227 1999 creverat,
1270 1927 1484 1995 altera,
1528 1924 1678 1996 quod
1714 1925 1798 1996 ei,
1845 1942 1989 1996 quos
2015 1928 2076 1983 in
2109 1944 2241 1999 pro-

79 2011 220 2069 vincia
259 2030 325 2071 ac
385 2016 682 2086 legatione
732 2015 914 2072 omnis
962 2020 1021 2071 et
1063 2013 1429 2071 liberalitatis
1477 2017 1537 2069 et
1575 2013 1800 2069 virtutis
1860 2030 1999 2071 suae
2060 2020 2242 2074 testes

79 2096 343 2176 habuerat,
402 2103 660 2161 nondum
704 2103 1090 2161 decesserant.
1182 2103 1400 2158 Horum
1447 2105 1751 2171 utrumque
1793 2101 1849 2157 ei
1893 2101 2124 2160 fortuna
2169 2103 2245 2161 ad

79 2191 359 2249 :onsulatus
418 2194 761 2265 petitionem
825 2191 1171 2262 reservavit,
1229 2207 1364 2247 nam
1428 2194 1487 2246 et
1540 2188 1606 2245 L.
1652 2189 1878 2246 Luculli
1938 2193 2243 2265 exercituS,

80 2277 140 2343 ¹{ui
191 2278 257 2335 ad
321 2281 681 2353 triumphum
748 2285 1127 2352 convenerat,
1199 2278 1354 2335 idem
1429 2277 1675 2334 comitiis
1698 2271 1752 2354 4)
1827 2278 1894 2336 L.
1955 2279 2243 2338 Murenae

79 2375 255 2431 iraesto
300 2367 443 2441 fuit,
492 2374 550 2426 et
595 2385 798 2425 munus
830 2367 1265 2439 amplissimum,
1307 2365 1460 2437 quod
1502 2365 1705 2437 petitio
1750 2373 2061 2436 praeturae
2095 2369 2246 2426 desi-

79 2448 260 2512 lerarat
276 2451 357 2536 5),
439 2463 721 2528 praetura
777 2455 1048 2514 restituit.
1169 2454 1319 2510 Num
1379 2452 1485 2510 tibi
1543 2453 1689 2510 haec
1745 2470 1925 2524 parva
1978 2455 2247 2514 videntur
2265 2452 2346 2511 38

79 2539 356 2601 zdiumenta
403 2550 466 2601 et
512 2544 769 2601 subsidia
815 2543 1189 2601 consulatus?
1275 2541 1558 2598 Voluntas
1595 2541 1880 2598 militum?
1923 2560 2072 2614 quae
2120 2561 2247 2601 cum

79 2641 148 2694 101·
186 2647 241 2688 se
286 2634 450 2690 valet
494 2633 886 2704 multitudine,
949 2648 1079 2687 cum
1134 2628 1287 2703 apud
1344 2645 1475 2686 suos
1532 2629 1749 2700 gratia,
1810 2633 1930 2686 tum
1987 2647 2123 2689 vero
2184 2633 2246 2689 in
2358 2695 2369 2707 ,

79 2720 262 2775 30081110
307 2720 663 2779 declarando
710 2722 948 2778 multum
994 2719 1169 2776 etiam
1229 2716 1384 2788 apud
1441 2717 1768 2774 universum
1815 2719 2087 2790 populum
2131 2719 2247 2776 Ro-

77 2817 258 2863 manum
328 2808 696 2866 auctoritatis
758 2807 934 2865 habet
990 2805 1344 2880 [suffragatio
1408 2801 1692 2877 militaris]
1714 2799 1794 2883 6);
1868 2806 2246 2877 imperatores

77 2893 189 2949 3111111
231 2897 477 2955 comitiis
525 2894 951 2968 consularibuS,
998 2911 1112 2951 non
1156 2894 1458 2951 verborum
1504 2893 1857 2963 interpretes
1898 2892 2246 2967 deliguntur.

77 2975 221 3043 Quare
265 2986 460 3056 gravis
508 2990 596 3041 est
642 2985 742 3041 illa
787 2984 1005 3041 oratio:
1052 2981 1175 3039 ‘me
1223 2982 1479 3039 saucium
1525 2980 1846 3052 recreavit,
1889 2998 1980 3038 me
2027 2981 2246 3055 praeda

78 3064 293 3146 lonavit3
355 3074 467 3130 hoc
514 3072 663 3130 duce
715 3078 904 3130 castra
951 3072 1231 3143 cepimuS,
1297 3069 1462 3142 signa
1509 3068 1878 3142 contulimus3
1938 3086 2244 3142 numquam

77 3155 150 3211 iste
190 3160 310 3230 plus
358 3161 530 3218 militi
577 3160 791 3218 laboris
836 3158 1133 3231 imposuit,
1181 3174 1352 3230 quam
1399 3156 1507 3213 sibi
1554 3156 1823 3228 sumpsit:
1878 3157 1990 3214 iste
2017 3152 2067 3237 ⁷)
2115 3175 2246 3214 cum

77 3237 203 3303 fortis
244 3254 363 3306 tum
413 3250 591 3306 etiam
638 3243 820 3306 felix’.
893 3248 1018 3304 Hoc
1063 3246 1262 3318 quanti
1305 3250 1473 3317 putas
1520 3261 1647 3302 esse
1692 3243 1766 3300 ad
1809 3242 2023 3302 famam
2067 3246 2246 3303 homi-

181 3432 227 3496 1)
263 3432 509 3486 Lambini
533 3432 659 3485 coni.
687 3430 878 3498 opibus
902 3445 1008 3483 rec.
1037 3430 1257 3495 Kayser.
1353 3429 1406 3496 2)
1440 3442 1612 3481 causa
1639 3427 1757 3480 add.
1778 3429 1924 3483 Boot.
2009 3429 2065 3495 3)
2093 3427 2247 3495 Quod

77 3494 111 3547 'tn
138 3502 272 3555 codd.
313 3504 589 3570 plerisque
629 3502 710 3555 vel
756 3500 1045 3554 consulatu
1081 3504 1196 3551 tum
1231 3499 1310 3552 vel
1357 3498 1702 3551 consulatum
1750 3503 1855 3566 est,
1905 3499 2065 3554 Orelli
2103 3519 2244 3570 susp.

77 3569 278 3626 §xcidisse
313 3577 435 3644 post
470 3573 763 3626 consulatu
800 3571 1053 3632 mmmm,
1103 3572 1246 3640 prob.
1286 3570 1466 3621 Halm.
1678 3569 1734 3635 4)
1794 3571 1878 3623 Sic
1917 3572 2245 3636 Hottoman.;

77 3637 191 3694 codd.
225 3643 359 3695 idem
395 3660 590 3706 comae,
629 3643 765 3713 quod
800 3643 992 3695 retinet
1018 3642 1234 3709 Kayser.
1356 3642 1410 3706 5)
1450 3639 1610 3694 Codd.
1637 3638 2009 3705 desiderabat,-
2045 3641 2245 3695 emend.

77 3705 258 3766 Ernesti.
472 3716 527 3778 6)
577 3715 735 3780 suffr.
787 3713 896 3764 mil.
946 3729 1036 3782 pro
1084 3712 1238 3779 gloss
1288 3712 1448 3763 habet
1494 3709 1705 3763 Urlichs
1755 3729 1823 3766 m.
1860 3712 1963 3765 Rh.
2004 3713 2087 3778 33,
2129 3713 2245 3765 159.

77 3777 111 3842 7)
152 3781 227 3835 Sic
260 3800 355 3838 nos
392 3787 606 3855 scrips.;
657 3784 827 3837 codd:
857 3782 996 3850 ipse,
1053 3782 1189 3850 quod
1234 3783 1395 3848 vulgo
1443 3797 1559 3833 cum
1604 3782 1928 3849 praecedenti
1975 3783 2246 3835 enuntiato

77 3852 362 3921 coniungunt.
