2669 4354
889 281 1072 320 mmm
1116 279 1402 330 QVARTVS.
2087 262 2252 352 Q

64 455 281 524 positum
334 454 704 526 imperatoris
750 455 933 512 nostri
993 454 1250 527 nomine,
1328 471 1442 513 non
1489 453 1772 512 dubitavit
1827 455 2090 514 auferre:
2165 463 2255 517 est

64 542 373 615 maiestatiS,
403 541 555 614 quod
580 541 810 614 imperii
844 542 1043 615 nostri,
1067 542 1306 615 gloriae,
1329 559 1525 601 rerum
1557 548 1850 615 gestarum
1881 553 2253 605 monumenta

66 636 303 688 evertere
349 636 522 702 atque
572 636 869 701 asportare
918 645 1091 688 ausus
1138 635 1251 688 est:
1300 635 1389 687 est
1440 631 1695 703 sceleriS,
1740 632 1891 704 quod
1937 632 2252 707 religiones

64 720 310 776 maximas
356 718 626 775 violavit:
710 722 800 774 est
848 717 1238 791 crudelitatis,
1311 717 1463 790 quod
1519 720 1579 775 in
1641 719 2004 778 innocentem
2067 721 2253 780 homi-

65 824 191 879 nem,
247 807 308 862 in
367 806 584 863 socium
628 810 882 863 vestrum
904 798 953 886 ¹)
1020 812 1194 877 atque
1252 805 1529 880 amicum,
1601 823 1810 864 novum
1855 813 1914 865 et
1959 810 2250 883 singulare

64 894 300 966 supplicii
355 910 539 967 genus
586 893 951 965 excogitavit.
1053 891 1205 950 Illud
1250 908 1386 951 vero
1430 894 1566 965 quid
1620 895 1722 967 sit,
1782 895 1898 952 iam
1943 913 2057 955 non
2099 915 2249 970 queo
2273 902 2352 960 89

62 981 259 1054 dicere,
340 998 452 1054 quo
513 979 745 1038 nomine
808 981 1096 1053 appellem
1154 981 1353 1039 nescio
1378 977 1456 1060 ²),
1534 982 1685 1053 quod
1755 984 1817 1039 in
1878 983 1937 1041 C.
1982 985 2249 1044 Marcelli

63 1075 239 1127 statua.
333 1067 483 1139 Quid
531 1074 621 1126 est
657 1068 804 1125 hoc?
849 1074 1209 1140 patronusne
1256 1068 1406 1141 quod
1452 1072 1624 1127 erat?
1711 1069 1864 1139 Quid
1917 1076 2078 1130 tum?
2138 1091 2249 1146 quo

61 1157 100 1214 id
133 1159 405 1231 spectat?
457 1162 649 1213 utrum
690 1173 763 1215 ea
806 1172 902 1214 res
950 1156 1024 1214 ad
1068 1172 1237 1229 opem
1282 1173 1356 1214 an
1403 1155 1475 1214 ad
1517 1158 1906 1216 calamitatem
1955 1161 2249 1219 clientium

62 1251 201 1317 atque
249 1245 541 1317 hospitum
587 1244 783 1301 valere
846 1243 1139 1302 debebat?
1227 1245 1320 1301 An
1378 1250 1442 1302 ut
1501 1245 1609 1303 hoc
1647 1247 1986 1307 ostenderes
2047 1257 2251 1310 contra

61 1333 145 1390 vim
186 1340 353 1391 tuam
399 1333 460 1389 in
505 1332 764 1403 patronis
806 1332 1083 1403 praesidii
1125 1333 1272 1389 nihil
1318 1335 1494 1390 esse?
1585 1333 1721 1404 Quis
1767 1351 1882 1393 non
1930 1336 2036 1394 hoc
2076 1338 2251 1396 intel-

62 1421 257 1494 legeret
302 1421 366 1478 in
410 1418 656 1492 improbi
712 1420 1035 1492 praesentis
1090 1420 1333 1492 imperio
1392 1420 1669 1478 maiorem
1730 1438 1855 1480 esse
1900 1424 2015 1481 vim
2076 1442 2247 1497 quam

59 1508 99 1564 in
141 1510 422 1568 bonorum
474 1507 802 1565 absentium
858 1507 1220 1579 patrocinio?
1338 1507 1429 1564 An
1491 1524 1627 1566 vero
1689 1526 1757 1567 ex
1818 1510 1926 1568 hoc
1985 1512 2087 1570 illa
2144 1520 2246 1573 tua

61 1597 340 1669 singularis
388 1594 745 1668 significatur
798 1595 1131 1668 insolentia,
1181 1595 1479 1668 superbia,
1538 1599 1932 1667 contumacia?
2035 1601 2246 1660 Detra-

61 1683 167 1743 here
235 1684 513 1742 videlicet
572 1682 791 1754 aliquid
851 1687 911 1740 te
971 1682 1043 1740 de
1104 1682 1483 1755 amplitudine
1544 1684 1951 1757 Marcellorum
2011 1691 2244 1760 putasti.

60 1771 230 1844 ltaque
297 1787 451 1829 nunc
509 1770 826 1830 Siculorum
883 1770 1149 1828 Marcelli
1209 1787 1326 1828 non
1390 1778 1524 1829 sunt
1586 1774 1845 1847 patroni,
1918 1776 2128 1835 Verres
2185 1779 2244 1835 in

62 1876 224 1918 eorum
275 1861 468 1919 locum
514 1858 856 1916 substitutus
904 1864 1007 1915 est.
1099 1858 1281 1930 Quam
1325 1858 1388 1915 in
1429 1864 1490 1916 te
1534 1865 1753 1918 tantam
1798 1863 2070 1923 virtutem
2117 1881 2244 1923 esse
2267 1869 2350 1926 90

59 1955 134 2006 aut
179 1948 524 2021 dignitatem
573 1945 883 2004 arbitratus
929 1961 1021 2019 eS,
1086 1953 1149 2004 ut
1188 1962 1464 2004 conarere
1514 1947 1844 2007 clientelam
1889 1957 2009 2009 tam
2056 1954 2248 2025 splen-

59 2034 200 2094 didae
219 2081 234 2111 ,
285 2042 404 2094 tam
449 2034 708 2091 inlustris
754 2034 1084 2106 provinciae
1135 2034 1442 2092 traducere
1489 2035 1563 2093 ad
1610 2043 1696 2110 te,
1762 2037 1992 2097 auferre
2039 2056 2075 2097 a
2121 2058 2247 2098 cer-

58 2123 265 2182 tissimis
324 2121 852 2195 antiquissimisque
914 2121 1213 2194 patronis?
1323 2122 1410 2180 Tu
1464 2123 1578 2182 ista
1639 2126 1922 2201 nequitia,
1982 2129 2246 2203 stultitia,

61 2212 241 2270 inertia
307 2228 422 2270 non
486 2209 655 2268 modo
706 2210 883 2267 totius
941 2209 1200 2284 Siciliae,
1269 2211 1373 2269 sed
1441 2212 1606 2269 unius
1675 2216 1997 2273 tenuissimi
2070 2217 2247 2275 Siculi

60 2299 369 2358 clientelam
436 2299 589 2356 tueri
654 2300 859 2370 potes?
930 2298 1034 2355 tibi
1096 2298 1361 2355 Marcelli
1424 2304 1614 2358 statua
1684 2319 1790 2374 pro
1856 2304 2113 2375 patibulo
2188 2308 2249 2363 in

62 2388 278 2445 clientes
325 2386 740 2444 Marcellorum
784 2383 935 2442 fuit?
994 2392 1056 2443 tu
1104 2402 1175 2443 ex
1215 2385 1372 2443 illius
1410 2387 1627 2447 honore
1674 2390 1735 2447 in
1782 2407 1882 2449 eos
1928 2393 2108 2465 ipSOS,
2154 2394 2250 2467 qui

59 2473 311 2533 honorem
365 2475 450 2531 illi
470 2469 522 2553 3)
568 2472 924 2547 habuerant,
1000 2474 1278 2545 supplicia
1328 2476 1692 2546 quaerebas?
1812 2478 1958 2550 Quid
2001 2484 2252 2554 postea?

58 2563 167 2632 quid
232 2562 472 2620 tandem
527 2563 642 2619 tuis
694 2560 899 2619 statuis
956 2561 1081 2620 fore
1143 2560 1506 2621 arbitrabare
1524 2566 1552 2620 ⁴?
1627 2579 1701 2621 an
1748 2582 1886 2625 vero
1940 2567 2027 2642 id,
2102 2569 2253 2641 quod

60 2650 289 2708 accidit?
401 2651 550 2707 Nam
613 2648 994 2721 Tyndaritani
1051 2654 1296 2707 statuam
1356 2650 1551 2720 istiuS,
1619 2669 1788 2724 quam
1850 2653 1959 2711 sibi
2018 2663 2253 2729 propter

57 2738 345 2796 Marcellos
392 2737 599 2796 altiore
644 2737 821 2794 etiam
865 2736 990 2795 basi
1037 2738 1172 2809 poni
1209 2738 1482 2811 iusserat,
1545 2738 1953 2815 deturbarunt,
2013 2744 2252 2802 simulac

58 2842 361 2884 successum
413 2826 513 2882 isti
565 2824 890 2882 audierunt.
992 2824 1168 2883 Dedit
1223 2826 1404 2898 igitur
1457 2825 1560 2883 tibi
1616 2845 1765 2885 1111110
1818 2826 2048 2888 fortuna
2092 2831 2252 2889 Sicu·
2271 2832 2357 2898 42

53 2913 216 2971 lorum
278 2913 340 2971 G.
401 2912 745 2971 Marcellum
805 2911 1083 2985 iudicem,
1146 2917 1237 2986 ut,
1295 2914 1457 2971 cuius
1518 2914 1592 2972 ad
1652 2921 1902 2975 statuam
1957 2918 2132 2977 Siculi
2193 2925 2251 2978 te

56 3007 308 3071 praetore
354 2999 764 3074 adligabantur
783 3043 798 3072 ,
849 3000 972 3057 eius
1022 3001 1303 3074 religione
1351 3008 1409 3059 te
1456 3002 1552 3060 isti
1577 2996 1631 3081 4)
1677 3003 2001 3063 devinctum
2047 3007 2254 3065 adstri-

54 3095 302 3161 ctumque
365 3088 658 3147 dedamus.
761 3087 847 3144 Ac
913 3087 1128 3161 primo,
1206 3089 1458 3163 iudiceS,
1532 3091 1639 3149 hoc
1706 3092 1930 3166 signum
1975 3094 2253 3153 Mercurii
2277 3106 2354 3163 91

54 3176 268 3235 dicebat
331 3179 443 3235 iste
510 3175 932 3248 Tyndaritanos
989 3176 1069 3236 M.
1127 3176 1409 3236 Marcello
1477 3179 1609 3236 huic
1669 3180 1992 3239 Aesernino
2059 3183 2257 3241 vendi-

53 3263 222 3338 disse3
268 3271 441 3337 atque
490 3264 600 3322 hoc
646 3279 751 3321 sua
797 3278 973 3321 causa
1020 3264 1194 3322 etiam
1238 3264 1317 3323 M.
1367 3266 1706 3325 Marcellum
1752 3268 1939 3340 ipsum
1984 3272 2258 3342 sperabat

181 3467 237 3532 1)
276 3465 452 3531 Vulgo
495 3467 743 3515 nostrum
781 3465 967 3515 contra
1005 3463 1118 3518 cod.
1156 3464 1287 3531 Reg.
1328 3468 1716 3521 auctoritatem.
1815 3469 1869 3536 2)
1910 3484 2014 3535 quo
2043 3470 2261 3524 nominc

55 3566 108 3573 —
142 3535 320 3587 nescio
358 3550 480 3587 unc.
529 3533 656 3586 incl.
699 3533 950 3587 Schwabe
986 3533 1129 3586 Phil.
1169 3534 1238 3587 30
1273 3551 1323 3603 p.
1353 3535 1474 3589 335.
1688 3538 1741 3605 3)
1787 3537 1872 3590 illi
1910 3554 2012 3595 om.
2047 3540 2176 3593 Zum
2218 3545 2261 3608 t,

55 3606 183 3671 quod
224 3603 375 3658 deest
411 3605 469 3656 in
496 3602 673 3657 Guelf.
713 3606 768 3656 et
802 3603 927 3657 aliis
964 3603 1116 3657 codd.
1215 3605 1273 3672 4)
1314 3604 1402 3657 Sic
1430 3606 1607 3672 codd.,
1648 3608 1787 3676 quod
1827 3609 2071 3663 defendit
2097 3612 2181 3665 Ha
2209 3629 2261 3665 m

52 3675 145 3743 ita,
187 3678 256 3727 ut
290 3674 384 3727 isti
420 3674 490 3727 ad
526 3673 753 3727 iudicem
786 3674 1101 3727 Marcellum
1137 3674 1352 3728 referat.
1426 3676 1619 3747 Zumpt
1653 3678 1908 3745 reliyione
1943 3686 1994 3733 te
2027 3680 2150 3734 istis
2187 3699 2262 3736 sc.

53 3744 266 3797 Siculis.
336 3743 610 3797 Eberhard
660 3743 922 3810 reliyione
982 3750 1034 3797 tc
1090 3744 1230 3810 ipsi:
1282 3746 1415 3813 Jeep
1452 3746 1703 3815 reliyio‘ni
1749 3754 1799 3801 te
1845 3749 1968 3816 ipsi.
2054 3752 2265 3819 Kayser

52 3813 300 3883 reliyioni
334 3819 383 3867 te
417 3814 527 3936 iplsi
567 3847 633 3853 -—
672 3813 904 3881 dedant,
943 3813 1083 3867 idem
1125 3818 1285 3869 antea
1324 3815 1500 3869 Siculi
1537 3818 1660 3871 incl.
1752 3820 1976 3889 Madvig
2010 3821 2264 3888 reliyionc

51 3891 91 3937 te
125 3884 265 3938 istic
299 3917 363 3924 —
397 3886 451 3937 vi
491 3900 689 3938 eamuS.
