2669 4354
371 280 384 294 ·
397 252 522 308 370
1071 267 1288 306 ORATIO
1332 268 1590 306 PHILIPP.
1638 267 1912 308 SECVNDA

396 440 629 499 stissimi
676 440 886 513 equitis
931 440 1180 498 Romani
1236 442 1441 514 suique
1488 442 1821 501 amicissimi
1843 434 1921 521 1),
1977 458 2149 515 quem
2203 442 2400 515 palam
2441 441 2599 498 here-

397 529 527 587 dem
567 545 797 602 semper
839 527 1161 602 factitarat,
1207 546 1283 587 ne
1330 530 1592 589 nominat
1634 530 1896 603 quidem:
1954 535 2043 604 te,
2088 547 2258 603 quem
2303 540 2602 602 numquam

398 616 624 676 viderat
663 609 764 674 aut
813 622 971 676 certe
1016 634 1327 689 numquam
1384 618 1764 691 salutaverat,
1828 616 1972 677 fecit
2025 618 2324 676 heredem.
2426 618 2602 675 Velim

395 704 536 762 mihi
593 705 787 779 dicas,
842 705 956 761 nisi
1014 705 1317 763 molestum
1378 711 1494 779 est,
1555 706 1622 764 L.
1677 706 1977 765 Turselius
2034 723 2146 778 qua
2201 704 2357 764 facie
2422 704 2603 777 fuerit,

398 809 510 865 qua
554 797 802 866 statura,
870 809 982 865 quo
1044 794 1390 867 municipio,
1463 811 1577 866 qua
1639 793 1814 852 tribu.
1926 793 2116 852 ‘Nihil
2175 790 2317 852 scio'
2390 794 2604 866 inquies

396 880 537 938 ‘nisi
581 897 727 953 quae
773 880 1016 953 praedia
1059 876 1370 939 habuerit’.
1471 882 1528 939 Is
1570 883 1748 954 igitur
1764 876 1815 963 2)
1862 882 2102 940 fratrem
2148 882 2513 940 exheredans
2553 886 2605 938 te

395 967 654 1027 faciebat
696 968 989 1027 heredem.
1079 969 1148 1027 In
1198 972 1409 1028 multas
1452 977 1765 1043 praeterea
1807 970 2085 1044 pecunias
2130 970 2609 1028 alienissimorum

396 1056 691 1115 hominum
735 1057 791 1114 vi
831 1057 1036 1115 eiectis
1079 1058 1233 1116 veris
1277 1058 1620 1131 heredibuS,
1665 1064 1961 1131 tamquam
2005 1059 2180 1117 heres
2227 1064 2414 1132 esset,
2462 1059 2609 1116 inva-

294 1144 375 1199 42
398 1145 474 1203 sit
493 1139 563 1224 ⁸).
666 1144 1022 1217 Quamquam
1073 1146 1183 1204 hoc
1239 1146 1485 1205 maxime
1548 1147 1867 1206 admiratus
1927 1164 2095 1222 sum,-
2145 1147 2509 1205 mentionem
2560 1150 2612 1203 te

400 1232 791 1291 hereditatum
848 1248 1050 1291 ausum
1107 1250 1235 1293 esse
1294 1233 1521 1309 facere,
1591 1251 1722 1293 cum
1785 1236 1910 1307 ipse
1978 1234 2371 1293 hereditatem
2443 1234 2614 1307 patris

395 1337 515 1378 non
553 1320 792 1378 adisses.

296 1399 377 1465 17
572 1408 738 1467 Haec
781 1413 847 1466 ut
891 1410 1240 1484 conligereS,
1299 1411 1472 1469 homo
1519 1410 1909 1469 amentissime
1931 1455 1947 1484 ,
2014 1415 2102 1469 tot
2145 1411 2275 1469 dies
2321 1411 2386 1467 in
2434 1411 2617 1468 aliena

396 1496 535 1554 villa
595 1495 977 1554 declamasti?
1043 1514 1386 1570 quamquam
1452 1501 1517 1555 tu
1577 1499 1804 1569 quidem
1822 1543 1838 1572 ,
1903 1504 1972 1556 ut
2038 1499 2125 1557 tui
2183 1497 2616 1556 familiarissimi

396 1584 696 1658 dictitant,
737 1584 856 1643 vini
905 1586 1203 1660 exalandi,
1249 1604 1366 1645 non
1410 1587 1633 1659 ingenii
1677 1586 1988 1645 exercendi
1999 1580 2052 1664 ⁴)
2090 1603 2271 1644 causa
2311 1586 2612 1645 declamas,

394 1673 475 1730 At
518 1689 658 1731 vero
701 1672 940 1732 adhibes
994 1675 1107 1732 ioci
1163 1690 1340 1732 causa
1394 1676 1758 1748 magistrum,
1818 1673 2090 1748 suffragio
2134 1680 2236 1733 tuo
2284 1679 2347 1732 et
2395 1691 2615 1748 compo·

396 1767 583 1819 torum
629 1765 860 1819 tuorum
913 1762 1238 1833 rhetorem,
1297 1763 1391 1821 cui
1438 1763 1801 1836 concessisti,
1862 1767 1927 1820 ut
1968 1764 2031 1820 in
2072 1768 2164 1837 te,
2225 1778 2379 1835 quae
2428 1763 2614 1835 vellet,

294 1847 298 1853 '
395 1848 647 1921 diceret,
705 1850 918 1907 salsum
960 1851 1192 1908 omnino
1242 1851 1558 1923 hominem,
1614 1850 1717 1908 sed
1761 1853 2008 1909 materia
2051 1849 2244 1909 facilis
2290 1856 2385 1908 est
2443 1852 2507 1909 in
2561 1857 2614 1909 te

397 1943 459 1995 et
499 1937 563 1994 in
607 1942 735 1995 tuos
778 1936 937 1995 dicta
991 1937 1205 1996 dicere.
1302 1938 1453 1997 Vide
1501 1943 1721 2013 autem,
1782 1938 1919 2011 quid
1977 1939 2209 1998 intersit
2252 1939 2417 1998 inter
2458 1944 2518 1997 te
2563 1943 2619 1997 et

397 2041 565 2083 avum
622 2028 802 2082 tuum.
903 2026 1010 2084 Ille
1062 2027 1275 2084 sensim
1330 2026 1592 2100 dicebat,
1668 2027 1823 2099 quod
1878 2043 2090 2085 causae
2149 2027 2488 2101 prodesset,
2559 2032 2616 2084 tu

293 2111 374 2167 43
397 2113 607 2171 cursim
676 2112 821 2170 dicis
896 2114 1105 2172 aliena.
1232 2115 1312 2172 At
1385 2120 1605 2187 quanta
1675 2131 1899 2173 merces
1974 2116 2199 2174 rhetori
2278 2115 2425 2173 data
2502 2117 2617 2173 est?

396 2200 642 2274 Audite,
716 2201 942 2276 audite,
1011 2208 1211 2275 patres
1277 2204 1623 2278 conscripti,
1688 2209 1748 2262 et
1808 2196 2138 2276 cognoscite
2200 2204 2288 2262 rei
2351 2204 2613 2277 publicae

393 2289 650 2347 volnera.
749 2288 879 2347 Duo
936 2291 1095 2349 milia
1148 2292 1414 2361 iugerum
1468 2292 1656 2365 campi
1714 2291 1985 2350 Leontini
2041 2293 2174 2352 Sex.
2231 2290 2457 2351 Clodio
2492 2292 2615 2350 rhe-

398 2377 511 2435 tori
580 2376 901 2449 adsignasti
964 2384 1025 2437 et
1083 2378 1313 2451 quidem
1374 2380 1679 2453 immunia,
1754 2386 1819 2437 ut
1889 2381 2089 2453 populi
2149 2381 2402 2439 Romani
2463 2385 2619 2439 tanta

395 2462 668 2523 mercede
711 2465 858 2523 nihil
904 2482 1109 2537 sapere
1155 2466 1430 2525 disceres.
1534 2468 1684 2526 Num
1726 2469 1901 2527 etiam
1946 2469 2085 2543 hoc,
2144 2469 2320 2527 homo
2363 2467 2622 2526 audacis·

397 2554 570 2627 sime,
631 2569 703 2609 ex
758 2552 1025 2613 Caesaris
1071 2556 1543 2613 commentariis?
1664 2556 1779 2614 Sed
1843 2556 2034 2614 dicam
2094 2557 2210 2615 alio
2264 2557 2399 2615 loco
2446 2562 2509 2614 et
2552 2556 2618 2614 de

394 2641 682 2701 Leontino
735 2658 876 2715 agro
944 2647 1006 2701 et
1070 2643 1141 2700 de
1201 2641 1518 2716 Campann,
1599 2660 1741 2717 quos
1808 2645 1920 2703 iste
1990 2660 2160 2718 agros
2228 2650 2472 2718 ereptos
2538 2644 2621 2702 rei

391 2728 661 2802 publicae
721 2730 1066 2802 turpissimis
1123 2731 1549 2808 possessoribus
1603 2733 1945 2804 inquinavit.
2049 2732 2176 2790 Iam
2234 2733 2395 2790 enim
2414 2778 2445 2801 „
2493 2750 2623 2806 quo-

394 2818 549 2875 niam
598 2816 932 2876 criminibus
979 2817 1103 2877 eius
1148 2819 1288 2876 satis
1329 2819 1633 2894 respondi,
1679 2820 1752 2879 de
1797 2823 1924 2894 ipso
1969 2820 2348 2879 emendatore
2398 2829 2458 2879 et
2504 2837 2623 2879 cor-

393 2909 624 2964 rectore
671 2910 870 2964 nostro
917 2905 1203 2978 quaedam
1259 2905 1508 2964 dicenda
1565 2913 1716 2967 sunt.
1820 2909 1946 2966 Nec
1993 2909 2151 2967 enim
2193 2909 2396 2967 omnia
2442 2909 2622 2968 effun-

394 2992 529 3051 dam
546 3038 562 3067 ,
626 2997 719 3067 ut,
788 2993 839 3051 si
898 2994 1132 3066 saepius
1189 2994 1604 3053 decertandum
1667 2997 1771 3070 sit,
1828 3001 1894 3054 ut
1952 2997 2092 3071 erit,
2151 3012 2388 3070 semper
2448 3014 2624 3056 novus

392 3081 624 3141 veniam
640 3126 655 3155 ,
718 3097 892 3154 quam
936 3082 1275 3140 facultatem
1326 3083 1470 3141 mihi
1514 3084 1819 3143 multitudo
1874 3085 2042 3142 istius
2087 3085 2361 3143 vitiorum
2419 3101 2627 3159 pecca·

392 3175 698 3242 torumque
743 3170 1007 3241 largitur.

291 3244 376 3311 18
569 3258 748 3316 Visne
795 3258 975 3330 igitur
1017 3263 1076 3315 te
1119 3258 1495 3330 inspiciamus
1544 3276 1581 3317 a
1622 3261 1847 3333 puero?
1952 3260 2048 3318 Sic
2094 3260 2331 3335 opinor3
2389 3278 2425 3319 a
2467 3261 2630 3334 prin-

290 3339 374 3397 44
394 3346 547 3418 cipio
605 3345 913 3406 ordiamur.
1023 3346 1290 3404 Tenesne
1349 3348 1628 3405 memoria
1680 3352 2114 3421 praetextatum
2176 3354 2238 3407 te
2290 3349 2630 3407 decoxisse?

393 3531 547 3594 Vat.,
578 3528 870 3595 praeteriit
904 3528 1089 3596 vulg0.
1272 3531 1325 3596 1)
1364 3528 1589 3598 Madvig
1627 3532 1685 3583 et
1724 3529 1819 3582 alii
1858 3530 2046 3599 scrips.
2085 3531 2460 3586 amantissimi
2507 3531 2624 3585 cod.

391 3601 427 3654 J
429 3615 676 3652 enensem
718 3599 920 3664 secuti,
961 3600 1052 3668 qui
1088 3598 1251 3651 etiam
1288 3604 1317 3663 ἓ
1357 3600 1425 3653 39
1461 3599 1626 3653 habet
1662 3600 2036 3653 amantissimi
2069 3600 2344 3659 desiderii.
2466 3602 2523 3669 2)
2561 3603 2626 3655 Is

393 3670 460 3722 de
514 3668 820 3736 Pluygersii
874 3670 1007 3723 coni.
1067 3668 1281 3722 addidit
1332 3670 1568 3737 Kayser,
1629 3672 1684 3723 et
1733 3671 1902 3725 habet
1954 3673 2129 3725 Vatic.
2192 3673 2262 3727 ab
2321 3675 2491 3727 altera
2554 3689 2623 3723 m.

394 3740 447 3801 3)
495 3742 776 3802 tamquam
821 3737 970 3791 heres
1007 3753 1175 3802 esseS,
1225 3739 1486 3793 invasisti
1520 3741 1806 3795 Heumann
1844 3742 1981 3798 coni.
2158 3765 2164 3771 ⁵
2196 3744 2253 3811 4)
2305 3744 2393 3798 Sic
2440 3742 2633 3803 Halm,

392 3807 520 3858 Vat.
557 3804 870 3874 maenianae:
905 3823 1110 3873 caasa5
1145 3810 1311 3876 vulgo
1347 3827 1388 3863 c.
1427 3812 1553 3863 cett.
1589 3809 1740 3865 codd.
1778 3811 1888 3879 inq.
1925 3813 2163 3866 acuendi
2197 3830 2276 3879 c.,·
2314 3815 2375 3868 O.
2399 3813 2611 3879 Miiller,

395 3877 583 3928 Herm.
624 3875 708 3927 12.
747 3875 850 3929 302
884 3876 996 3942 inq.
1031 3877 1219 3929 alendi
1255 3894 1297 3932 c.
