2669 4354
358 209 482 265 174
1311 223 1531 265 omno

356 396 531 471 haec,
589 396 838 471 iudices,
891 414 1008 456 non
1051 398 1266 471 scripta
1283 441 1299 470 ,
1364 397 1468 455 sed
1513 402 1652 455 nata
1687 397 1783 455 lex
1797 441 1814 471 ‚
1869 414 2038 470 quam
2081 415 2198 456 non
2242 397 2567 470 didicimuS,

357 485 716 559 accepimus,
776 485 1057 560 legimuS,
1114 502 1314 544 verum
1355 503 1427 544 ex
1481 490 1690 543 natura
1745 485 1875 558 ipsa
1932 485 2287 558 adripuimus
2305 531 2322 560 ,
2386 485 2569 543 hausi-

356 589 484 630 mus
501 617 517 647 ,
564 575 982 647 expressimus;
1045 573 1118 632 ad
1162 590 1332 645 quam
1385 590 1502 631 non
1547 574 1700 631 docti
1748 573 1853 631 sed
1910 571 2049 631 facti
2066 619 2082 645 ,
2143 591 2257 632 non
2327 573 2569 631 instituti

357 661 463 719 sed
516 660 720 720 imbuti
774 678 999 735 sumuS,
1055 666 1144 735 ut,
1204 663 1253 719 si
1298 662 1419 719 vita
1463 666 1661 719 nostra
1705 661 1764 717 in
1805 661 2029 734 aliquas
2076 662 2320 720 insidias
2339 706 2356 735 ,
2427 662 2476 719 si
2516 661 2572 718 in

356 749 472 806 vim
518 753 579 806 et
636 750 699 806 in
755 750 878 809 tela
934 754 1037 807 aut
1093 750 1382 807 latronum
1435 754 1538 807 aut
1596 748 1956 807 inimicorum
2007 748 2340 823 incidisset,
2400 749 2570 807 omnis

358 836 604 896 honesta
637 838 787 895 ratio
834 843 990 896 esset
1032 836 1430 909 expediendae
1476 837 1696 894 salutis,
1783 837 1969 896 Silent
2014 838 2169 894 enim
2215 837 2389 909 leges
2432 837 2573 894 inter

360 941 524 983 arma
582 941 691 982 nec
749 942 812 983 se
874 925 1199 997 exspectari
1257 923 1483 997 iubent,
1546 941 1673 981 cum
1732 925 1821 999 ei,
1881 925 1978 996 qui
2022 929 2370 997 exspectare
2427 925 2573 995 velit,

261 1016 340 1078 11
362 1016 499 1072 ante
555 1013 769 1071 iniusta
836 1029 1028 1086 poena
1103 1012 1317 1070 luenda
1387 1012 1462 1069 sit
1527 1028 1698 1084 quam
1766 1013 1920 1070 iusta
1993 1013 2343 1085 repetenda.
2460 1010 2575 1069 Etsi

360 1101 768 1174 persapienter
824 1106 887 1159 et
946 1099 1194 1173 quodam
1248 1100 1419 1157 modo
1470 1100 1649 1157 tacite
1707 1099 1810 1158 dat
1875 1100 2002 1172 ipsa
2070 1100 2166 1157 lex
2231 1104 2576 1173 potestatem

363 1186 749 1262 defendendi,
808 1205 957 1260 quae
1003 1205 1120 1246 non
1168 1187 1338 1245 modo
1363 1181 1414 1266 ¹)
1471 1188 1764 1246 hominem
1823 1187 2033 1262 occidi,
2103 1188 2204 1246 sed
2262 1204 2400 1246 esse
2462 1204 2575 1245 cum

362 1276 485 1334 telo
537 1275 784 1334 hominis
829 1275 1130 1335 occidendi
1183 1291 1357 1333 causa
1401 1280 1589 1348 vetat,
1646 1280 1738 1349 ut,
1802 1292 1931 1334 cum
1979 1291 2185 1348 causa,
2238 1293 2365 1334 non
2408 1277 2574 1334 telum

364 1367 773 1438 quaereretur,
848 1365 946 1438 qui
1008 1365 1097 1422 sui
1156 1361 1510 1422 defendendi
1573 1379 1748 1421 causa
1813 1364 1933 1421 telo
2002 1370 2155 1422 esset
2221 1381 2398 1438 113113,
2474 1379 2574 1421 11011

363 1451 611 1510 hominis
657 1452 960 1510 occidendi
1006 1468 1181 1509 causa
1225 1451 1495 1509 habuisse
1542 1452 1719 1509 telum
1765 1450 2137 1510 iudicaretur.
2212 1450 2576 1525 Quapropter

363 1538 473 1597 hoc
518 1544 752 1598 maneat
795 1541 856 1597 in
904 1555 1103 1611 causa,
1161 1538 1414 1612 iudices3
1476 1554 1590 1596 non
1639 1539 1790 1596 6111111
1829 1538 2058 1612 dubito,
2118 1539 2256 1611 quin
2309 1539 2577 1613 probatu-

365 1645 466 1686 rus
511 1629 620 1685 sim
662 1627 825 1686 vobis
871 1627 1267 1687 defensionem
1305 1642 1526 1699 meam,
1583 1627 1632 1684 si
1676 1626 1738 1683 id
1775 1627 2186 1700 memineritis,
2251 1627 2414 1700 quod
2451 1626 2576 1684 obli-

365 1715 509 1774 visci
554 1731 671 1773 non
714 1716 990 1789 110163113,
1038 1714 1433 1773 insidiatorem
1482 1711 1728 1781 interfici
1770 1716 1899 1774 iure
1946 1731 2136 1786 posse.

306 1797 350 1865 5
548 1803 823 1876 Sequitur
881 1803 1050 1876 illud,
1111 1802 1262 1874 quod
1322 1818 1359 1860 a
1400 1802 1636 1859 Milonis
1681 1803 1940 1860 inimicis
1972 1801 2313 1874 saepissime
2365 1801 2575 1873 dicitur,

267 1893 348 1951 12
369 1892 637 1965 caedem,
681 1892 742 1948 in
788 1908 903 1965 qua
940 1891 1006 1951 P.
1057 1889 1289 1948 Clodius
1336 1890 1557 1948 occisus
1605 1895 1726 1964 est,
1771 1894 2035 1948 senatum
2066 1889 2363 1947 iudicasse
2396 1894 2578 1947 contra

366 1997 491 2039 rem
556 1979 843 2052 publicam
912 1996 1040 2037 esse
1101 1977 1330 2035 factam.
1422 1977 1590 2036 Illam
1650 1993 1788 2035 vero
1836 1983 2074 2035 senatus
2118 1992 2234 2034 non
2282 1975 2577 2035 sententiis

368 2069 486 2127 suis
547 2067 728 2125 solum
747 2111 762 2139 ,
824 2066 927 2124 sed
986 2066 1163 2124 etiam
1221 2066 1426 2124 studiis
1482 2065 1892 2138 comprobavit.
1983 2065 2262 2136 Quotiens
2307 2066 2461 2122 enim
2505 2068 2578 2121 est

375 2157 479 2214 illa
523 2169 698 2212 causa
743 2171 779 2212 a
823 2154 990 2212 nobis
1036 2158 1168 2212 acta
1212 2154 1272 2211 in
1318 2153 1556 2212 senatu!
1617 2152 1822 2227 quibus
1868 2152 2310 2212 adsensionibus
2344 2152 2577 2211 universi

373 2242 622 2315 ordiniS‚
687 2258 858 2314 quam
909 2259 1018 2301 nec
1075 2243 1268 2300 tacitis
1328 2258 1439 2299 nec
1495 2242 1766 2300 occultis!
1831 2241 2061 2314 quando
2121 2241 2359 2314 quidem
2383 2235 2434 2321 ²)
2477 2239 2575 2297 fre-

370 2330 747 2404 quentissimo
793 2336 1001 2389 senatu
1050 2335 1319 2403 quattuor
1364 2335 1466 2387 aut
1511 2347 1792 2387 summum
1814 2322 1869 2410 3)
1899 2330 2155 2402 quinque
2187 2336 2327 2388 sunt
2356 2327 2576 2398 inventi,

375 2419 472 2492 qui
528 2417 767 2476 Milonis
830 2434 1062 2477 causam
1130 2434 1243 2475 non
1300 2418 1631 2489 probarent.
1734 2417 2054 2476 Declarant
2112 2417 2285 2475 huius
2352 2414 2576 2475 ambusti

374 2506 591 2565 tribuni
633 2506 819 2578 plebis
862 2507 999 2564 illae
1046 2507 1461 2564 intermortuae
1509 2506 1840 2578 00111101163,
1889 2504 2095 2579 quibus
2140 2505 2358 2564 cotidie
2410 2517 2576 2562 meam

372 2594 692 2669 potentiam
732 2594 1012 2652 invidiose
1057 2593 1506 2667 criminabatur,
1553 2610 1682 2650 cum
1728 2592 1954 2650 diceret
1998 2597 2264 2651 senatum
2294 2610 2413 2651 non
2444 2588 2575 2664 quod

375 2683 649 2755 sentiret,
712 2681 816 2742 sed
878 2681 1029 2753 quod
1078 2698 1185 2755 ego
1230 2681 1443 2740 vellem
1490 2681 1824 2740 decernere.
1917 2680 2078 2751 Quae
2124 2680 2360 2753 quidem
2404 2681 2452 2736 si
2491 2693 2576 2751 po-

374 2770 561 2828 tentia
631 2773 720 2826 est
780 2768 1129 2843 appellanda
1186 2770 1378 2842 potius
1433 2785 1602 2841 quam
1662 2774 1766 2826 aut
1812 2774 2050 2841 propter
2110 2784 2327 2841 magna
2368 2769 2430 2825 in
2470 2780 2575 2823 rem

384 2857 679 2931 publicam
724 2858 936 2915 merita
979 2856 1285 2914 mediocris
1330 2857 1391 2913 in
1435 2857 1602 2914 bonis
1647 2856 1837 2913 causis
1883 2857 2195 2914 auctoritas
2235 2861 2341 2913 aut
2369 2857 2581 2928 propter

381 2946 487 3004 hos
532 2943 818 3004 officiosos
864 2945 1095 3003 labores
1139 2961 1300 3002 meos
1345 2961 1462 3002 non
1505 2944 1666 3002 nulla
1710 2943 1863 3016 apud
1907 2942 2090 3001 bonos
2135 2944 2352 3017 gratia,
2409 2939 2578 3015 appel-

373 3035 529 3091 letur
590 3035 675 3092 ita
722 3049 896 3106 sane,
965 3031 1270 3090 dummodo
1325 3048 1399 3090 ea
1457 3048 1562 3089 nos
1621 3035 1852 3089 utamur
1908 3048 2012 3104 pro
2071 3034 2256 3090 salute
2317 3032 2573 3090 bonorum

274 3127 355 3186 13
376 3126 576 3180 contra
621 3121 931 3180 amentiam
972 3120 1350 3193 perditorum.
1441 3120 1608 3177 Hanc
1653 3136 1793 3178 vero
1836 3119 2237 3192 quaestionem
2255 3163 2270 3192 ,
2331 3118 2438 3177 etsi
2479 3130 2573 3173 non

374 3215 466 3269 est
507 3210 730 3282 iniqua,
774 3224 1082 3282 numquam
1115 3214 1309 3266 tamen
1341 3212 1577 3265 senatus
1609 3207 2070 3265 constituendam
2102 3208 2347 3279 putavit.
2412 3205 2572 3263 Erant

376 3297 531 3355 enim
589 3298 788 3370 legeS,
856 3300 1023 3354 erant
1090 3296 1463 3368 quaestiones
1529 3296 1621 3353 vel
1688 3294 1762 3353 de
1827 3296 2008 3353 caede
2068 3295 2162 3352 vel
2209 3295 2280 3352 de
2330 3295 2417 3368 vi,
2480 3304 2570 3347 nec

374 3389 600 3443 tantum
661 3401 981 3443 maerorem
1040 3401 1108 3441 ac
1156 3384 1373 3442 luctum
1421 3383 1651 3441 senatui
1713 3399 1864 3440 mors
1910 3382 1973 3440 P.
2023 3381 2208 3440 Clodii
2272 3379 2569 3446 adferebat,

375 3477 443 3530 ut
511 3488 657 3530 nova
723 3474 985 3545 quaestio
1055 3472 1521 3531 constitueretur.
1634 3469 1809 3528 Cuius
1877 3471 2032 3528 enim
2087 3470 2161 3529 de
2220 3471 2322 3528 illo
2378 3470 2570 3526 incesto

519 3689 572 3757 1)
611 3688 768 3743 modo
814 3688 968 3742 deest
1015 3689 1075 3741 in
1110 3705 1214 3743 non
1264 3688 1432 3742 nullis
1481 3686 1634 3741 codd.
1688 3689 1744 3740 et
1784 3688 1850 3740 ab
1898 3687 2049 3742 editt.
2106 3687 2383 3741 nonnullis
2433 3694 2567 3752 prave

377 3761 660 3817 omittitur.
770 3760 824 3827 2)
860 3758 1082 3827 quando
1118 3758 1331 3827 quaidem
1368 3759 1685 3828 Anonymus
1722 3759 1778 3811 in
1812 3757 1987 3812 Berol.
2026 3774 2150 3811 ann.
2184 3773 2391 3827 gymn.;
2428 3752 2564 3816 vulgo

381 3850 443 3886 ex
483 3831 636 3887 codd.
669 3830 894 3900 quando
929 3830 1072 3885 enim
1103 3863 1171 3871 ——
1185 3827 1530 3902 probarent?
1620 3830 1676 3899 3)
1715 3844 1987 3883 sumnmm
2021 3845 2140 3884 unc.
2164 3829 2291 3884 incl.
2319 3830 2378 3884 L.
2395 3826 2562 3890 Lange.
