2669 4354
371 1489 408 1547 3

371 2101 414 2168 2

429 240 512 298 46
1433 254 1652 330 ORATIO

427 435 681 488 vestram
756 445 989 487 causam
1064 426 1474 501 defenderent,
1566 432 1627 486 et
1708 443 1868 485 meus
1935 427 2102 484 labor
2167 427 2230 484 in
2295 426 2618 498 privatorum

429 518 704 592 periculis
773 522 929 576 caste
997 518 1338 590 integreque
1407 520 1669 574 versatus
1739 532 1809 572 ex
1877 519 2069 573 vestro
2128 515 2343 573 iudicio
2402 514 2618 572 fructum

433 611 522 665 est
565 605 975 680 amplissimum
1018 610 1373 662 consecutus.
1447 603 1598 661 Nam
1643 619 1771 660 cum
1812 608 2049 676 propter
2094 601 2432 661 dilationem
2477 603 2618 660 comi-

431 694 638 752 tiorum
698 699 791 760 ter
856 697 1092 765 praetor
1157 692 1376 766 primus
1445 692 1722 750 centuriis
1790 691 2011 748 cunctis
2080 691 2442 749 renuntiatus
2506 708 2617 761 sum,

430 781 603 840 facile
664 780 953 854 intellexi,
1032 779 1285 851 Quirites
1304 824 1320 853 ,
1394 785 1455 837 et
1510 779 1647 851 quid
1706 779 1781 837 de
1840 794 1933 836 me
1992 777 2331 836 iudicaretis
2385 783 2452 837 et
2513 776 2617 851 quid

431 870 560 928 aliis
621 867 1115 942 praescriberetis,
1221 868 1390 925 Nunc
1450 883 1577 924 cum
1647 871 1709 925 et
1763 866 2123 924 auctoritatis
2183 867 2245 922 in
2285 883 2379 924 me
2425 871 2616 924 tantum

429 958 537 1032 sit,
607 961 881 1030 quantum
950 971 1049 1014 vos
1115 954 1429 1013 honoribus
1495 954 1837 1013 mandandis
1896 969 2026 1011 esse
2088 954 2380 1027 voluistiS,
2448 959 2510 1012 et
2567 952 2616 1011 ad

422 1043 721 1119 agendum
764 1042 1054 1102 facultatis
1100 1047 1350 1116 tantum,
1408 1047 1682 1114 quantum
1736 1042 1954 1100 homini
2000 1041 2263 1116 vigilanti
2313 1059 2385 1100 ex
2430 1041 2616 1100 forensi

429 1149 537 1191 usu
604 1148 786 1206 prope
856 1130 1150 1190 cotidiana
1209 1130 1443 1188 dicendi
1504 1130 1844 1189 exercitatio
1905 1130 2094 1202 potuit
2156 1128 2414 1204 adferre,
2488 1135 2616 1189 certe

432 1226 494 1280 et
558 1220 609 1279 si
672 1218 808 1292 quid
875 1218 1238 1278 auctoritatis
1305 1220 1368 1275 in
1439 1233 1532 1275 me
1587 1223 1701 1291 est,
1766 1216 1919 1291 apud
1974 1233 2071 1274 eos
2127 1222 2261 1276 utar
2279 1262 2294 1292 ,
2361 1218 2459 1290 qui
2516 1233 2615 1276 eam

429 1308 571 1366 mihi
638 1307 949 1379 dederunt,
1030 1310 1091 1363 et
1156 1307 1205 1363 si
1267 1304 1405 1378 quid
1475 1306 1539 1363 in
1600 1305 1845 1364 dicendo
1912 1296 2182 1378 consequi
2250 1319 2514 1380 possum,
2566 1305 2615 1362 iis

429 1394 727 1455 ostendam
801 1394 1192 1467 potissimum,
1273 1394 1371 1465 qui
1448 1393 1503 1451 ei
1566 1407 1789 1466 quoque
1854 1392 1945 1450 rei
2011 1390 2259 1450 fructum
2328 1409 2432 1451 suo
2499 1393 2614 1451 iudi-

430 1483 518 1542 cio
577 1481 944 1541 tribuendum
1005 1497 1135 1539 esse
1181 1481 1483 1540 duxerunt.
1574 1480 1766 1553 Atque
1810 1480 1950 1538 illud
1994 1481 2054 1538 in
2097 1481 2296 1553 primis
2342 1480 2484 1539 mihi
2525 1482 2615 1539 lae·

428 1570 665 1630 tandum
721 1571 848 1628 iure
896 1585 1024 1629 esse
1071 1569 1271 1643 video,
1332 1568 1486 1641 quod
1530 1569 1592 1625 in
1636 1569 1747 1626 hac
1794 1569 2025 1641 insolita
2070 1569 2207 1625 mihi
2254 1584 2325 1626 ex
2369 1569 2480 1627 hoc
2518 1570 2614 1628 loco

428 1660 655 1718 ratione
723 1657 953 1716 dicendi
1029 1670 1203 1715 causa
1267 1657 1402 1715 talis
1470 1656 1666 1714 oblata
1725 1660 1841 1730 est,
1910 1656 1972 1713 in
2025 1669 2136 1728 qua
2191 1657 2378 1715 oratio
2444 1657 2614 1716 deesse

429 1747 646 1807 nemini
710 1746 906 1819 possit.
996 1744 1319 1804 Dicendum
1383 1748 1474 1802 est
1540 1745 1689 1801 enim
1758 1744 1831 1802 de
1897 1741 1997 1801 Cn.
2064 1744 2301 1816 Pompei
2373 1742 2616 1817 singulari

430 1835 753 1906 eximiaque
813 1834 1055 1906 virtute;
1119 1833 1288 1890 huius
1346 1836 1542 1891 autem
1605 1831 1885 1889 orationis
1945 1828 2235 1889 difficilius
2298 1837 2388 1890 est
2435 1835 2615 1890 exitum

427 1939 599 1996 quam
643 1922 988 1995 principium
1032 1920 1313 1979 invenire.
1406 1920 1497 1977 Ita
1537 1919 1674 1977 mihi
1721 1935 1837 1978 non
1881 1925 2000 1978 tam
2040 1921 2206 1993 copia
2245 1935 2419 1991 quam
2450 1920 2615 1978 modus

432 2012 493 2068 in
539 2009 785 2068 dicendo
829 2008 1194 2082 quaerendus
1241 2011 1346 2068 est.

606 2096 798 2169 Atque
856 2101 923 2154 ut
977 2095 1112 2153 inde
1167 2096 1352 2153 oratio
1411 2110 1543 2153 mea
1587 2092 2011 2170 proficiscatur,
2071 2095 2223 2154 unde
2269 2095 2419 2153 haec
2466 2094 2614 2152 omnis

373 2195 414 2251 4
433 2202 612 2245 causa
671 2184 927 2259 ducitur,
987 2185 1202 2243 bellum
1257 2200 1432 2258 grave
1480 2189 1542 2243 et
1583 2184 1967 2257 periculosum
2010 2185 2218 2241 vestris
2263 2183 2613 2257 vectigalibus

368 2897 405 2957 5

366 3606 403 3662 6

431 2290 502 2332 ac
562 2272 730 2332 sociis
801 2289 837 2331 a
908 2272 1131 2331 duobus
1200 2263 1613 2346 potentissimis
1661 2272 1896 2345 regibus
1957 2269 2234 2345 infertur,
2303 2271 2613 2329 Mithridate

430 2367 493 2420 et
549 2361 830 2436 Tigrane,
924 2377 1165 2434 quorum
1236 2360 1387 2417 alter
1454 2361 1726 2433 relictus,
1811 2360 1961 2418 alter
2019 2360 2323 2418 lacessitus
2394 2358 2615 2418 occasio·

340 2471 341 2476 ¹
429 2465 563 2507 nem
625 2448 737 2506 sibi
804 2448 878 2507 ad
947 2447 1340 2522 occupandam
1406 2447 1611 2515 ,Asiam
1673 2448 1928 2506 oblatam
1994 2464 2123 2506 esse
2186 2447 2537 2507 arbitrantur
2565 2439 2614 2523 ¹)-

427 2536 733 2610 Equitibus
775 2535 1074 2610 RomaniS,
1120 2536 1536 2594 honestissimis
1580 2536 1750 2609 viriS,
1814 2533 2155 2593 adferuntur
2202 2553 2273 2594 ex
2320 2535 2462 2594 Asia
2505 2533 2616 2592 coti·

428 2624 524 2683 die
567 2625 802 2683 litterae
819 2669 835 2698 ,
904 2641 1141 2696 quorum
1188 2638 1436 2699 magnae
1478 2640 1575 2681 res
1619 2629 1869 2697 aguntur
1913 2623 1976 2681 in
2021 2625 2227 2682 vestris
2266 2622 2615 2698 vectigalibus

429 2712 769 2771 exercendis
827 2717 1175 2785 occupatae3
1234 2712 1331 2784 qui
1390 2710 1464 2769 ad
1510 2728 1602 2769 me
1648 2728 1753 2785 pro
1795 2711 2261 2786 necessitudine,
2321 2728 2470 2784 quae
2505 2707 2612 2768 mihi

429 2806 519 2859 est
584 2817 714 2858 cum
779 2800 880 2857 illo
950 2799 1182 2873 ordine,
1258 2815 1489 2857 causam
1549 2800 1636 2857 rei
1695 2799 1962 2872 publicae
2016 2800 2389 2872 periculaque
2452 2812 2613 2858 rerum

425 2905 658 2947 suarum
716 2888 1076 2947 detulerunt:
1136 2886 1442 2960 Bithyniae
1459 2933 1475 2962 ,
1541 2903 1687 2960 quae
1749 2904 1901 2945 nunc
1944 2892 2141 2946 vestra
2196 2888 2494 2960 provincia
2535 2889 2612 2954 est,

424 2977 582 3036 vicos
636 2981 867 3034 exustos
932 2991 1060 3034 esse
1122 2975 1471 3048 complures;
1534 2991 1774 3049 regnum
1817 2975 2226 3034 Ariobarzanis
2243 3021 2258 3051 ,
2324 2975 2476 3048 quod
2517 2972 2613 3032 fini-

425 3066 627 3124 timum
674 3070 761 3123 est
803 3063 1016 3123 vestris
1061 3063 1475 3135 vectigalibus,
1521 3068 1705 3121 totum
1752 3080 1879 3122 esse
1925 3064 1988 3121 in
2031 3064 2281 3123 hostium
2320 3067 2613 3136 potestate3

423 3153 490 3212 L.
510 3146 562 3233 ²)
605 3151 913 3210 Lucullum
972 3152 1196 3225 magnis
1245 3150 1420 3209 rebus
1464 3152 1645 3223 gestis
1689 3152 1763 3209 ab
1811 3168 1880 3210 eo
1924 3151 2080 3210 bello
2122 3150 2460 3226 discedere3
2510 3149 2613 3209 huic

424 3242 525 3315 qui
584 3241 930 3312 successerit
987 3255 1103 3297 non
1165 3240 1305 3298 satis
1363 3255 1490 3297 esse
1550 3244 1818 3313 paratum
1880 3240 1954 3298 ad
2011 3245 2236 3298 tantum
2282 3240 2498 3298 bellum
2538 3234 2613 3294 ad-

424 3328 896 3401 ministrandum3
944 3328 1259 3394 „unumab
1309 3326 1572 3385 omnibus
1618 3328 1789 3386 sociis
1835 3333 1895 3385 et
1941 3328 2158 3387 civibus
2202 3328 2277 3386 ad
2321 3327 2385 3385 id
2431 3327 2614 3388 bellum

423 3417 832 3489 imperatorem
878 3415 1114 3490 deposci
1159 3419 1333 3489 atque
1381 3416 1603 3490 expeti,
1652 3416 1902 3475 cundem
1938 3417 2092 3475 hunc
2137 3433 2314 3474 unum
2361 3417 2436 3475 ab
2465 3412 2613 3474 hosti-

422 3504 532 3563 bus
572 3504 787 3578 metui,
830 3510 1140 3577 praeterea
1178 3506 1486 3563 neminem.

600 3590 788 3650 Causa
834 3608 982 3664 quae
1029 3593 1105 3650 sit
1148 3591 1381 3665 videtis3
1430 3608 1584 3650 nunc
1626 3592 1762 3665 quid
1809 3592 2094 3666 agendum
2140 3591 2214 3649 sit
2262 3594 2613 3652 considerate.

423 3679 679 3738 Primum
734 3680 876 3738 mihi
927 3681 1157 3739 videtur
1201 3681 1275 3739 de
1328 3697 1545 3754 genere
1606 3680 1778 3754 belli,
1847 3681 2058 3739 deinde
2110 3679 2183 3738 de
2229 3679 2613 3754 magnitudine,

599 3881 652 3949 1)
691 3879 999 3933 arbitratwr
1034 3880 1250 3935 Ernesti
1275 3895 1395 3933 cum
1424 3880 1805 3934 recentioribus
1831 3880 2003 3935 libris.
2102 3882 2157 3950 2)
2194 3881 2263 3934 L.
2291 3881 2416 3935 add.
2445 3879 2612 3935 Baiter.
