2669 4354
300 708 382 765 48

406 252 531 308 372
1103 265 1322 306 omme
1367 266 1628 308 PHILIPP.
1677 263 1944 305 SECVNDA

403 439 555 496 enim
601 438 816 496 talibus
862 439 922 496 in
967 439 1146 497 rebus
1177 439 1434 497 excitare
1482 439 1700 496 animos
1745 455 1862 496 non
1897 437 2148 510 cognitio
2181 437 2364 494 solum
2403 451 2595 507 rerum,

403 526 506 584 sed
538 527 716 584 etiam
745 525 1103 600 recordati03
1151 527 1261 584 etsi
1306 525 1658 599 incidamus,
1705 527 1911 599 opinor
1938 519 2017 604 ¹),
2062 523 2282 598 media,
2330 541 2404 581 ne
2448 523 2597 580 nimis

403 631 533 672 sero
578 614 654 672 ad
701 620 959 673 extrema
1003 615 1319 673 veniamus

574 703 820 761 Intimus
868 708 997 761 erat
1057 703 1118 759 in
1162 704 1465 760 tribunatu
1505 701 1706 761 Clodio
1725 747 1740 776 ,
1798 701 1896 774 qui
1954 717 2062 758 sua
2107 716 2250 774 erga
2296 716 2389 772 me
2442 700 2598 757 bene-

401 788 533 847 ficia
577 797 1019 849 commemorat:
1089 791 1213 848 eius
1267 791 1520 848 omnium
1575 790 1979 848 incendiorum
2026 788 2124 846 fax
2142 833 2158 862 ,
2223 789 2384 846 cuius
2446 788 2598 846 etiam

402 878 555 936 domi
599 879 717 936 iam
759 884 884 936 tum
928 877 1202 951 quiddam
1243 879 1474 936 molitus
1519 883 1623 935 est.
1727 878 1879 949 Quid
1929 877 2116 935 dicam
2134 921 2150 951 ,
2215 877 2346 950 ipse
2408 876 2598 949 optime

399 967 707 1040 intellegit.
807 965 950 1024 Inde
1007 967 1124 1025 iter
1162 966 1594 1025 Alexandream
1640 971 1840 1023 contra
1900 969 2135 1024 senatus
2196 964 2598 1035 auctoritatem,

402 1059 605 1111 contra
659 1070 783 1111 rem
840 1054 1130 1126 publicam
1191 1059 1253 1112 et
1310 1054 1654 1127 religiones:
1722 1052 1823 1112 sed
1881 1052 2136 1111 habebat
2193 1052 2404 1111 ducem
2444 1051 2599 1118 Gabi-

401 1142 588 1216 nium,
646 1142 875 1215 quicum
921 1142 1142 1215 quidvis
1188 1143 1513 1201 rectissime
1557 1140 1754 1200 facere
1817 1146 2027 1214 posset.
2132 1140 2243 1211 Qui
2309 1145 2430 1198 tum
2487 1139 2601 1196 inde

400 1230 622 1287 reditus
690 1235 791 1287 aut
858 1231 1086 1302 qualis?
1205 1230 1378 1288 Prius
1445 1232 1506 1288 in
1573 1230 1832 1287 ultimam
1901 1228 2149 1287 Galliam
2217 1246 2291 1287 ex
2354 1228 2599 1300 Aegypto

401 1334 572 1389 quam
628 1317 873 1376 domum.
965 1317 1126 1388 Quae
1176 1323 1375 1376 autem
1430 1314 1601 1395 [erat]
1623 1310 1674 1396 2)
1728 1317 1966 1376 domus?
2051 1332 2213 1375 suam
2260 1316 2417 1375 enim
2470 1316 2605 1389 quis-

401 1422 514 1478 que
581 1404 809 1464 domum
865 1410 988 1463 tum
1050 1407 1352 1464 obtinebat
1371 1400 1453 1485 3),
1521 1422 1632 1464 1166
1679 1411 1810 1464 erat
1862 1421 2108 1477 usquam
2165 1410 2285 1463 tua.
2377 1404 2604 1462 Domum

402 1493 570 1550 dico?
634 1493 769 1566 quid
814 1500 943 1552 erat
996 1494 1057 1551 in
1112 1495 1285 1553 terris
1304 1539 1320 1568 ,
1389 1495 1490 1552 ubi
1535 1494 1596 1551 in
1640 1500 1739 1553 tuo
1785 1493 1996 1567 pedem
2040 1508 2320 1566 ponereS,
2388 1497 2606 1564 praeter

400 1598 577 1639 unum
617 1582 939 1656 Misenum,
988 1583 1140 1654 quod
1196 1599 1327 1639 cum
1385 1583 1555 1640 sociis
1606 1587 1902 1654 tamquam
1943 1581 2286 1653 Sisaponem
2343 1581 2604 1639 tenebas?

296 1666 384 1733 20
402 1669 627 1727 Venisti
644 1664 698 1749 ⁴²)
744 1686 777 1727 e
827 1668 1017 1728 Gallia
1070 1670 1145 1728 ad
1204 1674 1572 1741 quaesturam
1625 1669 1953 1744 petendam.
2073 1668 2238 1726 Aude
2305 1669 2503 1726 dicere
2556 1673 2614 1724 te

297 1763 379 1819 49
399 1758 558 1829 prius
598 1757 671 1815 ad
702 1763 1004 1830 parentem
1037 1764 1194 1816 tuam
1212 1752 1264 1838 5)
1306 1759 1535 1816 venisse
1583 1774 1750 1830 quam
1800 1758 1874 1815 ad
1919 1774 2030 1816 me.
2100 1756 2468 1829 Acceperam
2509 1757 2606 1813 iam

402 1850 537 1903 ante
585 1844 855 1904 Caesaris
902 1846 1162 1920 litteraS,
1237 1852 1304 1903 ut
1349 1846 1491 1904 mihi
1536 1847 1676 1904 satis
1720 1843 1848 1904 fieri
1893 1850 2130 1918 paterer
2174 1861 2210 1902 a
2256 1850 2358 1920 te,
2433 1845 2606 1916 itaque

400 1950 475 1990 ne
507 1934 669 2006 loqui
713 1934 946 2007 quidem
990 1951 1115 1991 sum
1159 1938 1219 1990 te
1264 1949 1468 2007 passus
1515 1933 1586 1993 de
1619 1935 1822 2008 gratia.
1875 1933 2090 1991 Postea
2119 1949 2242 1990 sum
2293 1929 2540 2010 cultusss)
2579 1948 2608 1987 a

400 2025 459 2080 te
479 2065 495 2094 ,
541 2025 603 2078 tu
651 2037 687 2078 a
731 2037 823 2079 me
870 2022 1204 2080 sublevatus
1215 2016 1268 2103 ⁷)
1311 2022 1374 2078 in
1436 2023 1719 2094 petitione
1766 2027 2128 2095 quaesturae.
2221 2021 2351 2091 Quo
2398 2020 2606 2094 quidem
2662 2026 2663 2031 ’

400 2114 662 2181 tempore
707 2109 769 2167 P.
806 2108 1068 2168 Clodium
1113 2110 1473 2184 approbante
1513 2112 1726 2184 populo
1755 2109 2016 2167 Romano
2063 2110 2125 2167 in
2168 2109 2295 2167 foro
2347 2127 2414 2169 es
2459 2123 2609 2166 cona-

400 2202 492 2255 tus
530 2198 823 2273 occidere,
870 2214 1110 2271 cumque
1156 2215 1287 2256 eam
1326 2217 1453 2258 rem
1484 2206 1585 2258 tua
1626 2204 1828 2272 sponte
1863 2214 2172 2272 conarere,
2210 2214 2330 2256 non
2379 2198 2605 2271 impulsu

401 2301 559 2359 me0,
599 2290 797 2343 tamen
833 2287 917 2344 ita
960 2286 1368 2361 praedicabaS,
1411 2292 1470 2346 te
1513 2304 1631 2345 non
1670 2288 2028 2360 existimare,
2072 2287 2186 2344 nisi
2231 2287 2402 2344 illum
2448 2288 2606 2344 inter-

402 2372 672 2447 fecisseS,
736 2373 1002 2447 umquam
1049 2374 1189 2433 mihi
1233 2391 1341 2448 pro
1386 2375 1501 2432 tuis
1545 2376 1608 2432 in
1652 2392 1745 2433 me
1791 2375 2024 2433 iniuriis
2070 2375 2211 2433 satis
2262 2392 2401 2434 esse
2446 2374 2608 2432 factu·
2662 2399 2663 2452 3

400 2477 546 2520 rum.
659 2462 728 2519 In
787 2478 898 2534 quo
954 2463 1240 2537 demiror,
1299 2480 1402 2520 cur
1446 2463 1729 2521 Milonem
1788 2464 2039 2537 impulsu
2095 2478 2223 2521 meo
2280 2481 2416 2522 rem
2467 2463 2609 2520 illam
2662 2463 2663 2468 ’

400 2550 589 2622 egisse
626 2549 803 2623 dicae,
849 2566 978 2608 cum
1021 2556 1081 2608 te
1127 2552 1277 2608 ultro
1322 2551 1463 2608 mihi
1508 2551 1663 2609 idem
1707 2551 1851 2609 illud
1894 2548 2254 2610 deferentem
2303 2566 2607 2624 numquam

399 2639 506 2695 sim
552 2637 905 2696 adhortatus
996 2638 1352 2710 Quamquam
1372 2633 1454 2720 ⁸),
1517 2639 1566 2696 si
1604 2640 1665 2697 in
1713 2655 1782 2697 eo
1829 2655 2274 2713 perseverares»,
2341 2640 2421 2698 ad
2468 2645 2612 2697 tuam

399 2727 642 2798 gloriam
699 2743 826 2785 rem
883 2726 1042 2784 illam
1101 2725 1312 2785 referri
1377 2728 1664 2786 malebam
1724 2744 1894 2799 quam
1965 2726 2039 2784 ad
2095 2743 2287 2785 meam
2358 2728 2610 2801 gratiam.

296 2827 379 2885 50
399 2812 685 2882 Quaestor
730 2829 792 2872 es
837 2813 1058 2873 factus:
1122 2813 1333 2872 deinde
1376 2817 1649 2874 continuo
1695 2816 1819 2873 sine
1866 2820 2100 2873 senatus
2145 2817 2440 2889 consult0,
2498 2815 2611 2872 sine

398 2907 582 2976 sorte,
662 2902 787 2960 sine
845 2903 975 2975 lege
1039 2901 1112 2960 ad
1167 2902 1480 2962 Caesarem
1541 2903 1865 2962 cucurristi.
1983 2903 2054 2960 Id
2113 2902 2269 2960 enim
2328 2921 2507 2961 unum
2559 2903 2613 2958 in

553 3180 607 3243 1)
648 3178 737 3232 Sic
773 3176 972 3243 Vatic.;
1012 3180 1171 3231 antea
1210 3194 1272 3231 ex
1308 3180 1432 3231 cett.
1472 3177 1623 3231 codd.
1661 3182 1880 3245 oportet.
2094 3178 2148 3243 2)
2186 3182 2334 3245 erat,
2385 3176 2526 3246 quod
2563 3174 2613 3226 in

395 3248 517 3307 Vat.
577 3249 643 3303 ab
697 3249 867 3303 altera
917 3264 1081 3302 manu
1133 3248 1377 3301 additum
1434 3251 1532 3311 est,
1591 3266 1690 3302 om.
1737 3247 1930 3315 Halm,
1986 3248 2096 3301 alii.
2217 3250 2272 3316 3)
2309 3247 2616 3302 obtimebant

395 3337 516 3374 cum
572 3321 697 3374 Vat.
752 3319 1085 3373 Wernsdorf.
1297 3320 1356 3386 4)
1421 3318 1576 3383 Quod
1638 3321 1695 3372 in
1755 3320 1926 3373 Vatic.
1994 3322 2079 3372 est
2141 3320 2353 3373 venisse
2411 3317 2611 3380 Gallia,
2662 3339 2663 3362 1

394 3391 606 3458 Kayser
643 3390 791 3444 venis
829 3406 857 3443 e
894 3389 1021 3443 Gal.
1130 3390 1183 3457 5)
1222 3394 1377 3441 tuam
1414 3389 1713 3455 Manutius3
1752 3394 1908 3441 tuum
1946 3388 2120 3453 codd.;
2160 3394 2278 3441 tum
2313 3388 2612 3443 Frotscher.
2662 3455 2663 3460 ἵ

396 3462 449 3526 6)
489 3461 578 3514 816
612 3461 842 3524 Muret.;
882 3460 1005 3514 Vat.
1031 3464 1257 3527 potense
1291 3475 1414 3512 sum
1439 3461 1616 3513 cultus
1624 3479 1644 3527 ‚-
1682 3460 1779 3513 alii
1815 3477 1876 3513 ex
1913 3459 2041 3513 dett.
2068 3459 2190 3513 libr.
2219 3465 2417 3528 postea
2445 3465 2613 3511 custo-
2662 3469 2663 3522 ξ

396 3530 546 3583 ditus
582 3546 721 3585 sum.
833 3532 885 3598 7)
928 3530 1016 3584 Sic
1051 3530 1322 3595 Muretus;
1361 3531 1482 3583 Vat.
1518 3537 1739 3594 ova-tua,-
1776 3531 1938 3599 vulgo
1976 3546 2038 3583 ex
2072 3529 2210 3583 dett.
2251 3530 2404 3584 codd.
2445 3530 2611 3583 obser·
2662 3529 2663 3590 1

393 3607 583 3669 vatuS,
620 3602 715 3654 alii
750 3605 985 3654 ornatus
1020 3602 1106 3653 vel
1142 3600 1384 3655 adiutae.
1529 3601 1583 3669 8)
1624 3601 1910 3668 quoniam,
1949 3600 2086 3653 coni.
2124 3601 2386 3665 Manutii,
2432 3599 2612 3669 proba·
2662 3597 2663 3650 l

394 3670 477 3723 vit
511 3671 749 3737 Madvig.
788 3672 952 3724 Halm
996 3670 1118 3724 ideo
1154 3674 1373 3725 tantum
1410 3688 1516 3725 non
1553 3672 1778 3741 recepit,
1818 3669 1962 3740 quod
1995 3672 2050 3724 in
2090 3671 2267 3725 Vatic.
2304 3671 2474 3725 verba
2509 3683 2611 3722 rem
2662 3709 2663 3712 ,

394 3740 555 3791 illam
601 3740 802 3803 referri
843 3741 1109 3793 malebam
1147 3742 1370 3804 desunt,
1421 3746 1485 3795 ut
1522 3741 1743 3796 dubium
1794 3742 1898 3806 sit,
1949 3744 2163 3795 rectene
2204 3743 2458 3813 suppleta
2490 3739 2609 3793 sint.
2662 3763 2663 3812 3

395 3808 536 3861 Mihi
579 3808 743 3861 verba
782 3808 1121 3877 Quamquam
1157 3844 1225 3851 —
1257 3812 1502 3880 qratiam
1550 3812 1952 3881 transponenda
1996 3812 2252 3865 videntur
2297 3814 2424 3865 ante
2471 3811 2609 3878 prius

399 3878 738 3930 enuntiatum
781 3878 858 3929 In
892 3894 997 3945 quo
1033 3880 1286 3936 demiror.
