2669 4354
412 218 534 274 102
1363 232 1583 273 omno
1625 234 1717 272 111.

407 406 556 463 volo.
662 404 822 462 Nihil
880 420 972 462 me
1032 407 1254 461 mutum
1310 408 1505 475 potest
1557 402 1853 461 delectare
1872 447 1888 475 ,
1946 400 2092 460 nihil
2151 405 2415 477 tacitum,
2472 403 2592 460 nihil

409 493 661 566 denique
723 493 848 552 eius
913 491 1069 550 modi
1086 536 1102 564 ,
1161 490 1312 564 quod
1382 491 1558 549 etiam
1621 491 1808 548 minus
1864 490 2022 562 digni
2092 490 2335 563 adsequi
2386 493 2591 564 possint

406 580 694 640 Memoria
735 585 956 652 vestra,
1019 579 1269 649 Quirites
1284 623 1300 652 ,
1361 596 1458 637 res
1501 583 1736 636 nostrae
1781 577 2042 651 alentur,
2095 578 2454 637 sermonibus
2494 596 2592 637 cre-

409 675 576 727 scent
589 713 605 742 ,
660 668 993 727 litterarum
1035 667 1424 725 monumentis
1468 666 1904 724 inveterascent
1949 671 2009 723 et
2055 666 2590 725 conroborabuntur:

413 756 773 829 eandemque
832 754 985 812 diem
1028 754 1308 826 intellego
1326 799 1342 827 ,
1402 769 1576 825 quam
1620 768 1792 824 spero
1838 758 2140 811 aeternam
2196 753 2325 812 fore
2342 799 2358 828 ,
2417 771 2593 827 propa-

411 848 605 917 gatam
631 836 681 923 ¹)
745 859 873 901 esse
921 847 980 900 et
1024 841 1100 899 ad
1150 841 1401 899 salutem
1445 839 1605 897 urbis
1650 846 1713 898 et
1773 839 1847 897 ad
1905 841 2241 898 memoriam
2290 843 2593 900 consulatus

411 932 551 999 mei,
617 946 854 1002 unoque
877 924 929 1009 ²)
974 935 1236 1001 tempore
1281 929 1344 985 in
1387 928 1496 986 hac
1538 942 1606 985 re
1650 926 1884 999 publica
1927 926 2073 985 duos
2120 929 2275 987 cives
2316 931 2594 1000 exstitisse,

411 1034 659 1091 quorum
702 1019 852 1075 alter
894 1015 1042 1075 fines
1087 1016 1263 1073 vestri
1311 1014 1542 1087 imperii
1586 1031 1702 1072 non
1746 1021 1969 1087 terrae,
2030 1015 2135 1073 sed
2180 1017 2332 1075 caeli
2378 1018 2595 1091 regioni-

410 1105 521 1164 bus
566 1106 938 1178 terminaret,
996 1104 1148 1161 alter
1194 1101 1454 1160 eiusdem
1499 1102 1730 1174 imperii
1772 1101 2125 1160 domicilium
2170 1104 2459 1177 sedesque
2502 1121 2597 1162 ser-

305 1184 394 1252 12
411 1197 592 1251 varet.
682 1191 799 1251 Sed
834 1191 1107 1264 quoniam
1153 1205 1356 1248 earum
1399 1206 1628 1262 rerum,
1674 1205 1819 1261 quas
1866 1205 1972 1264 ego
2019 1192 2206 1264 gessi,
2259 1209 2379 1250 non
2424 1191 2596 1249 eadem

311 1280 389 1336 27
413 1286 505 1340 est
543 1279 777 1338 fortuna
822 1285 997 1352 atque
1041 1276 1303 1336 condicio
1351 1292 1502 1348 quae
1547 1276 1776 1334 illorum
1791 1320 1807 1349 ,
1861 1277 1961 1350 qui
2007 1282 2251 1336 externa
2297 1279 2457 1338 bella
2497 1296 2597 1352 ges-

412 1373 642 1441 serunt,
707 1366 862 1440 quod
908 1366 1048 1423 mihi
1088 1380 1219 1422 cum
1262 1364 1334 1421 iis
1380 1362 1688 1422 vivendum
1734 1368 1822 1421 est
1838 1409 1854 1438 ,
1910 1380 2055 1437 quos
2110 1367 2224 1423 vici
2277 1383 2349 1424 ac
2406 1367 2596 1439 subegi,

409 1456 497 1513 illi
547 1456 744 1513 hostes
808 1459 915 1511 aut
976 1449 1315 1511 interfectos
1380 1455 1485 1508 aut
1547 1466 1848 1523 oppressos
1910 1452 2301 1528 reliquerunt,
2372 1462 2597 1514 vestrum

412 1547 528 1615 est,
590 1541 878 1615 QuiriteS,
931 1541 981 1598 si
1026 1539 1239 1598 ceteris
1279 1535 1439 1596 facta
1481 1554 1585 1596 sua
1634 1543 1795 1596 recte
1847 1546 2124 1615 prosunt,
2187 1542 2330 1599 mihi
2377 1559 2508 1601 mea
2542 1558 2597 1598 ne

410 1629 639 1701 quando
683 1629 877 1687 obsint
930 1626 1256 1700 providere.
1354 1626 1588 1683 Mentes
1650 1626 1804 1684 enim
1857 1626 2155 1685 hominum
2213 1630 2597 1688 audacissimo-

408 1734 538 1776 rum
599 1718 922 1775 sceleratae
982 1731 1053 1772 ac
1109 1711 1373 1772 nefariae
1417 1730 1492 1772 ne
1551 1712 1715 1772 vobis
1773 1729 1986 1773 nocere
2044 1722 2282 1787 possent
2345 1734 2456 1790 ego
2496 1733 2598 1790 pro-

409 1804 556 1862 vidi:
604 1819 677 1861 ne
723 1803 865 1861 mihi
909 1806 1162 1860 noceant
1204 1805 1464 1859 vestrum
1510 1805 1599 1858 est
1642 1799 1964 1871 providere.
2055 1803 2444 1879 Quamquam,
2488 1805 2598 1876 Qui·

412 1892 585 1965 riteS,
631 1892 771 1948 mihi
801 1890 1035 1963 quidem
1077 1888 1192 1962 ipsi
1235 1888 1380 1945 nihil
1422 1887 1493 1945 ab
1524 1887 1650 1945 istis
1687 1887 1803 1946 iam
1834 1891 2033 1948 noceri
2061 1896 2271 1963 potest.
2349 1894 2598 1967 Magnum

415 1979 567 2038 enim
615 1984 707 2036 est
746 1979 810 2035 in
854 1978 1017 2036 bonis
1061 1975 1445 2049 praesidium,
1506 1975 1658 2047 quod
1701 1975 1842 2032 mihi
1895 1977 1957 2033 in
1999 1984 2357 2051 perpetuum
2404 1996 2598 2052 compa-

410 2071 602 2125 ratum
661 2071 781 2139 est,
856 2080 1066 2138 magna
1133 2064 1195 2121 in
1253 2079 1319 2121 re
1388 2062 1623 2135 publica
1673 2063 1956 2138 dignitas,
2030 2082 2178 2138 quae
2235 2085 2330 2126 me
2402 2083 2598 2141 semper

409 2155 590 2213 tacita
635 2151 909 2213 defendet
923 2198 938 2225 ‚
998 2166 1208 2226 magna
1265 2151 1352 2209 vis
1413 2151 1801 2210 conscientiae
1818 2196 1834 2225 ,
1895 2168 2068 2224 quam
2128 2155 2226 2227 qui
2291 2157 2596 2231 neglegunt,

308 2238 390 2295 28
411 2259 544 2301 cum
612 2258 705 2299 me
771 2241 991 2299 violare
1057 2240 1278 2312 volent,
1361 2254 1423 2297 se
1483 2239 1594 2311 ipsi
1616 2234 1669 2317 ⁸)
1726 2238 2083 2299 indicabunt.
2198 2242 2311 2302 Est
2376 2237 2595 2321 etiam4)
2653 2293 2654 2322 ἢ

410 2329 577 2387 nobis
604 2321 656 2408 5)
714 2329 765 2385 is
832 2329 1086 2400 animuS,
1155 2326 1441 2399 QuiriteS,
1506 2332 1575 2384 ut
1640 2343 1755 2384 non
1826 2327 1994 2385 modo
2060 2330 2277 2388 nullius
2350 2332 2596 2391 audaciae
2653 2339 2654 2364 1

411 2416 714 2490 cedamus,
775 2416 880 2475 sed
925 2416 1102 2474 etiam
1148 2430 1347 2473 omnes
1404 2414 1694 2486 improbos
1755 2415 1907 2472 ultro
1966 2431 2195 2489 semper
2254 2420 2599 2479 lacessamus
2651 2367 2654 2476 1

410 2503 575 2574 Quod
617 2503 665 2560 si
702 2504 887 2561 omnis
930 2503 1181 2575 impetus
1219 2500 1664 2559 domesticorum
1708 2501 1985 2577 hostium,
2043 2504 2317 2578 depulsus
2369 2526 2407 2567 a
2450 2508 2600 2576 vobiS,
2651 2487 2654 2608 1

409 2608 473 2650 se
518 2592 579 2649 in
623 2606 716 2649 me
760 2608 937 2648 unum
982 2590 1359 2660 converterit,
1413 2589 1574 2646 vobis
1618 2590 1731 2647 erit
1774 2590 2083 2649 videndum
2101 2636 2116 2666 ,
2164 2593 2455 2669 QuiriteS,
2512 2609 2599 2667 qua
2651 2615 2654 2684 Ι

410 2678 747 2737 condicione
803 2678 1045 2750 posthac
1102 2693 1202 2736 eos
1263 2693 1393 2735 esse
1437 2677 1630 2735 velitis
1648 2720 1665 2750 ,
1731 2677 1828 2749 qui
1891 2694 1954 2736 se
2016 2696 2121 2751 pro
2182 2683 2378 2743 salute
2437 2688 2604 2741 vestra
2653 2699 2654 2744 ὲ

409 2765 730 2825 obtulerint
772 2765 1028 2824 invidiae
1072 2763 1465 2837 periculisque
1516 2764 1810 2822 omnibus:
1864 2765 2006 2822 mihi
2051 2766 2285 2839 quidem
2331 2771 2448 2845 ipsi
2489 2766 2601 2842 quid
2651 2751 2654 2830 1

410 2860 529 2927 est,
578 2854 728 2927 quod
771 2854 890 2911 iam
931 2852 1006 2910 ad
1051 2853 1205 2910 vitae
1250 2849 1501 2909 fructum
1555 2847 1734 2923 possit
1776 2851 2033 2927 adquiri,
2097 2872 2226 2913 cum
2270 2859 2600 2930 praesertim
2651 2905 2654 2920 ⁴

406 2956 595 3014 neque
640 2942 702 2998 in
761 2942 981 2999 honore
1025 2944 1220 2998 vestro
1275 2954 1466 3010 neque
1526 2939 1588 2995 in
1649 2940 1835 3012 gloria
1894 2940 2123 3000 virtutis
2187 2945 2498 3019 quicquam
2538 2944 2601 3002 vi-
2651 2971 2654 3018 1

303 3024 383 3081 29
405 3029 575 3089 deam
620 3029 823 3102 altiuS,
884 3044 1000 3100 quo
1047 3027 1188 3084 mihi
1230 3027 1434 3084 lubeat
1477 3026 1842 3085 ascendere?
1930 3029 2086 3087 Illud
2139 3031 2408 3103 profecto
2454 3029 2602 3108 perfi-
2653 3049 2654 3060 ¹

404 3117 583 3189 ciam,
650 3116 934 3187 Quirites,
991 3120 1057 3172 ut
1099 3130 1200 3187 ea,
1256 3130 1404 3186 quae
1450 3115 1605 3185 gessi
1649 3114 1710 3171 in
1756 3115 2054 3174 consulatu
2073 3162 2087 3191 ,
2142 3120 2408 3192 privatus
2453 3128 2601 3180 tuear

401 3211 576 3277 atque
620 3220 845 3276 ornem,
903 3208 997 3276 ut,
1059 3203 1111 3261 si
1164 3218 1280 3274 qua
1317 3207 1408 3260 est
1451 3201 1670 3259 invidia
1731 3205 2126 3263 conservanda
2151 3201 2205 3286 ⁶)
2264 3226 2333 3267 re
2390 3209 2600 3283 publica

542 3453 596 3520 1)
625 3467 799 3520 prope
842 3457 1036 3506 natam
1077 3452 1230 3521 Jeep.
1415 3453 1470 3521 2)
1515 3468 1627 3507 uno
1664 3451 1910 3521 Madvig,
1960 3454 2054 3523 qui
2091 3459 2217 3510 ante
2262 3474 2381 3512 wrm
2418 3455 2600 3529 aliquid

398 3521 658 3576 excidisse
702 3522 909 3576 iudicat
952 3522 1128 3576 velut:
1178 3521 1429 3589 omnique
1477 3526 1710 3589 tempore
1754 3522 1855 3577 hoc
1887 3525 2278 3591 praedicatum
2312 3529 2424 3596 ir&
2462 3530 2601 3583 Eber-

396 3592 527 3645 hard
561 3592 849 3661 uno[que],
910 3594 1003 3662 qui
1060 3591 1389 3646 infinitivum
1447 3591 1679 3661 pendere
1738 3593 1944 3647 iudicat
2002 3611 2036 3648 a
2091 3612 2220 3649 voce
2291 3599 2602 3653 memoriam.

397 3664 453 3729 3)
504 3661 615 3729 ipsi
661 3679 764 3718 om.
813 3662 1002 3733 optimi
1049 3663 1201 3717 codd.
1416 3664 1473 3730 4)
1519 3663 1663 3716 enim
1708 3664 1887 3726 codd.;
1941 3664 2104 3718 etiam
2152 3666 2343 3733 Halm3
2399 3669 2604 3735 denique

393 3732 686 3787 Eberhard.
859 3735 915 3801 5)
952 3732 1109 3787 nobis
1146 3732 1297 3787 codd.
1336 3736 1476 3801 opt„
1509 3734 1572 3786 im
1598 3733 1753 3786 nobis
1775 3734 1911 3800 rell„
1948 3734 2129 3790 Halm.
2301 3740 2361 3808 6)
2398 3740 2462 3793 in
2496 3753 2601 3792 con·

394 3802 668 3856 servanda
705 3801 855 3858 codd.
892 3804 1078 3869 multi,
1117 3803 1413 3858 Eberhard.
