2669 4354
404 244 484 302 68
1089 257 1421 299 ORATIONES
1466 256 1914 297 CATILINAM.

465 432 603 484 hanc
654 429 910 483 invidiam
959 446 992 481 a
1041 445 1096 480 se
1132 427 1315 480 studet
1351 427 1576 489 amoliri,
1631 443 1749 479 cum
1783 425 2196 479 coniurationem
2233 427 2373 479 certo
2413 424 2592 478 factam

469 517 586 555 esse
624 498 976 561 ostendendo,
1014 501 1130 551 tum
1157 498 1395 551 lenitatis
1432 513 1554 550 suae
1588 497 1850 551 rationem
1887 495 2182 551 adferendo.
2263 496 2593 550 Demonstrat

466 574 759 643 praeterea,
817 572 1074 639 quantum
1125 568 1354 637 periculi
1404 568 1479 621 rei
1523 567 1761 638 publicae
1810 568 2078 620 immineat
2125 584 2243 619 cum
2288 584 2320 619 a
2358 565 2589 633 Catilina,

466 650 583 695 tum
618 642 877 712 imprimis
915 641 981 693 ab
1017 640 1236 708 reliquis
1272 639 1588 703 coniuratiS‚
1623 639 1711 707 qui
1732 639 1788 691 in
1814 638 1941 691 urbe
1963 639 2351 700 remanserant;
2390 654 2589 706 quorum

468 730 556 766 sex
601 728 790 780 genera
837 711 967 765 facit
1009 713 1064 764 et
1107 710 1170 763 de
1219 709 1448 776 singulis
1486 708 1612 777 quid
1650 710 1845 764 sentiat
1881 708 2024 762 dicit.
2098 707 2263 761 Paulo
2304 713 2425 776 post
2458 709 2590 777 lega-

466 787 641 837 torum
677 783 1015 851 Allobrogum
1050 798 1083 834 a
1117 780 1401 834 coniuratis
1438 780 1836 832 sollicitatorum
1871 779 2063 832 indicio
2103 795 2222 831 cum
2248 778 2590 847 comprehensi

471 857 647 907 essent
680 853 929 906 Lentulus
972 853 1184 920 eiusque
1225 850 1355 904 socii
1388 852 1467 915 et,
1516 851 1733 918 cognita
1778 850 1844 903 ab
1884 852 2069 903 senatu
2103 865 2186 916 re,
2224 850 2279 903 in
2317 849 2589 903 custodiam

466 924 679 986 traditi,
721 924 898 977 Cicero
931 921 1130 975 invidia
1161 922 1397 988 levatuS,
1432 921 1638 986 iterum,
1676 921 1809 974 forte
1844 920 2011 990 pridie
2047 918 2180 974 Non.
2217 921 2342 973 Dec.
2359 960 2371 983 ,
2412 920 2591 989 prodiit

472 996 532 1048 in
573 994 872 1048 contionem
907 996 961 1046 et
996 1008 1129 1063 quae
1165 1009 1198 1045 a
1235 1008 1292 1045 se
1331 989 1793 1060 deprehendendae
1829 991 2200 1044 coniurationis
2238 1007 2423 1054 causa,
2469 1007 2588 1060 quae

469 1065 536 1119 ad
571 1068 784 1134 pontem
818 1063 1109 1126 Mulvium,
1156 1079 1290 1132 quae
1324 1063 1384 1115 in
1421 1065 1612 1115 senatu
1651 1065 1796 1129 acta,
1834 1061 1999 1127 dicta,
2046 1060 2255 1114 decreta
2292 1063 2425 1124 sint,
2466 1077 2587 1115 com-

468 1135 742 1205 prehensis
777 1134 1063 1189 coniuratis
1080 1173 1092 1196 ,
1140 1133 1304 1186 tertia
1351 1132 1597 1185 oratione
1639 1132 2018 1186 demonstravit
2055 1134 2110 1185 et
2145 1149 2199 1185 se
2234 1132 2427 1201 populo
2464 1148 2588 1184 com-

469 1206 741 1260 mendavit
778 1205 1033 1274 simulque
1069 1203 1139 1256 ad
1177 1204 1614 1272 supplicationem
1653 1203 1755 1255 sibi
1790 1205 1975 1271 togato
2011 1204 2238 1271 primum
2274 1205 2348 1256 rei
2369 1203 2588 1271 publicae

466 1279 808 1330 conservatae
843 1292 1004 1329 causa
1038 1275 1308 1328 decretam
1343 1273 1711 1327 celebrandam
1735 1274 2041 1327 cohortatus
2065 1276 2162 1326 est.
2225 1274 2465 1326 Proximo
2501 1273 2586 1333 die,

466 1348 640 1400 Nonis
677 1346 1072 1409 DecembribuS‚
1108 1346 1163 1398 in
1203 1347 1390 1398 senatu
1425 1343 1489 1397 de
1522 1361 1696 1412 poena
1731 1344 2124 1398 coniuratorum
2160 1345 2433 1412 agebatur.
2501 1343 2587 1396 Hic
2647 1376 2648 1409 f

467 1434 586 1470 cum
641 1417 770 1471 duae
815 1419 995 1471 essent
1041 1417 1362 1482 sententiae,
1419 1415 1591 1468 altera
1614 1416 1709 1482 ‚D.
1755 1414 1926 1469 Silani
1962 1413 2108 1469 COS.
2163 1413 2459 1483 designati,
2511 1414 2586 1484 qui

466 1488 660 1559 capitis
695 1504 918 1559 poenam
953 1487 1284 1552 decernebat,
1341 1487 1511 1539 altera
1560 1502 1680 1539 vero
1719 1485 1777 1538 C.
1814 1485 1941 1538 Iulii
1975 1485 2215 1540 Caesaris
2231 1528 2243 1552 ,
2292 1485 2386 1554 qui
2420 1484 2585 1538 mortis

467 1575 689 1628 poenam
724 1558 1049 1621 removebat,
1089 1561 1379 1610 ceterorum
1415 1557 1788 1624 suppliciorum
1823 1554 2133 1609 acerbitates
2170 1572 2348 1609 omnes
2367 1599 2380 1622 ‚
2418 1556 2584 1622 impri-

467 1630 569 1682 mis
606 1629 820 1683 vincula
858 1629 1208 1698 sempiterna,
1247 1627 1561 1681 decernebat
1575 1648 1588 1690 3
1635 1627 1818 1681 Cicero
1855 1630 2096 1680 senatum
2131 1632 2334 1693 quarta
2358 1625 2585 1679 oratione

469 1700 537 1753 ad
574 1700 909 1753 severitatem
944 1699 1253 1752 cohortatus
1291 1700 1379 1752 est
1412 1702 1468 1751 et
1503 1698 1677 1750 Silani
1713 1698 2035 1751 sententiam
2074 1698 2389 1750 severiorem
2414 1695 2583 1749 leniori

468 1771 714 1824 Caesaris
763 1769 1164 1839 praeferendam
1209 1786 1326 1823 esse
1377 1769 1614 1822 docebat.
1695 1768 1832 1821 Eum
1882 1767 2073 1821 deinde
2118 1771 2433 1821 consecutus
2468 1767 2583 1820 Cato
2645 1796 2646 1833 ᾗ

466 1842 623 1912 plane
670 1842 833 1895 solvit
875 1839 1121 1894 Caesaris
1172 1840 1507 1893 sententiam.
1588 1839 1689 1892 Est
1731 1839 1911 1907 itaque
1959 1838 2016 1891 in
2065 1837 2235 1891 Silani
2286 1841 2340 1892 et
2388 1838 2583 1892 Catonis
2643 1868 2646 1947 ⁴

468 1914 782 1966 sententiam
826 1911 1024 1966 SCtum
1065 1910 1264 1964 factum
1317 1912 1476 1978 atque
1523 1910 1580 1962 in
1616 1925 1824 1963 carcere
1860 1908 2180 1978 supplicium
2218 1909 2280 1969 de
2316 1908 2583 1962 coniuratis
2645 1952 2646 1991 1

467 1987 754 2052 sumptum.
828 1981 942 2047 Quo
978 1985 1120 2036 facto
1157 1981 1369 2034 domum
1405 1982 1704 2051 pergentem
1740 1979 2017 2033 universus
2054 1982 2271 2033 senatus
2307 1982 2361 2033 et
2384 1979 2583 2050 populus
2645 1996 2646 2049 1

466 2057 549 2106 est
592 2055 902 2123 prosecutus
950 2067 1170 2122 eumque
1206 2053 1632 2105 conservatorem
1674 2067 1781 2104 non
1819 2049 1975 2103 modo
2014 2053 2070 2104 et
2103 2050 2463 2117 liberatorem,
2505 2047 2583 2102 sed
2645 2054 2646 2115 ᾗ

466 2121 1733 2263 iffi*”itatissassbffiessgnfifflssa‘Zoffilssssffssfftst'
1766 2138 1911 2246 &3¹30
1931 2121 2104 2246 iffi?
2106 2122 2282 2246 ζέἷῗῗ
2293 2138 2461 2246 siffis
2469 2135 2581 2245 ‘1325
2641 2197 2646 2206 ⁴

594 2237 607 2261 ,
1683 2234 1694 2246 .

449 2266 651 2318 ‘cembr
718 2266 898 2333 Atque
934 2265 1032 2318 hae
1069 2268 1196 2318 sunt
1226 2266 1349 2318 illae
1375 2264 1561 2317 Nonae
1577 2306 1590 2331 ‚
1628 2280 1848 2332 quarum
1883 2265 2379 2320 commemoratione
2423 2263 2578 2324 totieS,

469 2353 633 2406 neque
667 2336 960 2402 immerito,
999 2336 1183 2388 Cicero
1218 2334 1494 2404 gloriatur.
