2669 4354
841 273 909 311 m
951 271 1134 313 MARG.
1173 271 1508 347 ΑΞΤΟΝΠΜ.
2154 260 2278 318 373

0 434 2 533 ᾗ
67 444 233 501 terris
282 443 586 518 egestatis,
644 444 795 500 aeris
856 444 1060 517 alieni,
1122 445 1417 517 nequitiae
1463 445 1705 518 perditis
1748 447 1903 505 vitae
1957 446 2280 505 rationibus

64 531 390 604 perfugium
436 545 564 589 esse
610 531 881 589 ducebas,
992 532 1083 590 Ibi
1128 538 1187 591 te
1243 549 1372 590 cum
1428 538 1489 590 et
1545 534 1702 592 illius
1759 534 2164 606 largitionibus
2221 541 2281 593 et

65 620 173 677 tuis
218 618 442 692 rapinis
487 620 837 691 explevisses
884 652 966 660 —-
1012 621 1062 678 si
1105 621 1214 678 hoc
1261 626 1352 679 est
1399 621 1665 695 explere,
1723 622 2004 682 devorare
2027 616 2078 704 ¹)
2124 623 2278 696 quod

65 707 257 765 statim
301 705 564 765 effundas
610 739 725 781 —,
804 706 1086 766 advolasti
1136 726 1314 781 egens
1369 709 1443 767 ad
1499 710 1855 768 tribunatum
1872 755 1888 784 ,
1964 716 2031 769 ut
2084 712 2146 769 in
2207 728 2278 770 eo

63 796 432 869 magistratu,
479 797 529 852 si
566 812 793 870 posseS,
837 797 947 853 viri
992 797 1079 855 tui
1125 797 1327 855 similis
1377 814 1579 869 esses,

234 882 499 954 Accipite
545 901 725 958 nunc,
783 900 1028 958 quaeso,
1090 902 1207 943 non
1254 901 1351 959 ea,
1416 902 1564 957 quae
1609 886 1733 958 ipse
1780 886 1841 943 in
1883 902 1948 943 se
1994 892 2170 958 atque
2216 887 2277 945 in
2296 877 2380 944 21

62 971 443 1030 domesticum
488 971 667 1030 decus
687 968 740 1053 ²)
801 973 1025 1044 impure
1073 977 1134 1030 et
1177 973 1665 1047 intemperanter,
1720 974 1823 1032 sed
1871 990 2018 1047 quae
2065 976 2126 1032 in
2173 991 2276 1033 nos

61 1059 433 1132 fortunasque
478 1065 733 1134 nostras,
793 1059 851 1117 id
897 1064 1015 1131 est,
1074 1061 1137 1117 in
1181 1061 1515 1119 universam
1577 1078 1701 1120 rem
1758 1062 2050 1135 publicam
2098 1063 2276 1135 impie

60 1163 121 1205 ac
177 1146 409 1205 nefarie
471 1145 707 1206 fecerit:
799 1147 874 1205 ab
933 1148 1104 1206 huius
1173 1149 1329 1208 enim
1397 1149 1620 1208 scelere
1689 1151 1937 1208 omnium
1997 1151 2278 1209 malorum

57 1235 405 1307 principium
445 1241 646 1293 natum
691 1236 1016 1308 reperietis.
1106 1237 1256 1294 Nam
1306 1254 1438 1294 cum
1485 1236 1552 1296 L.
1595 1237 1851 1297 Lentulo
1898 1237 1962 1297 C.
1995 1239 2278 1297 Marcello
2300 1237 2377 1295 51

58 1323 390 1381 consulibus
433 1322 715 1382 Kalendis
772 1324 1061 1382 Ianuariis
1110 1323 1408 1384 labentem
1460 1330 1520 1384 et
1577 1341 1759 1398 prope
1805 1326 2110 1386 cadentem
2154 1344 2279 1385 rem

56 1411 352 1484 publicam
386 1409 596 1470 fulcire
636 1413 931 1486 cuperetis
960 1413 1186 1485 ipsique
1220 1411 1283 1471 O.
1303 1411 1572 1487 Caesari,
1603 1415 1651 1470 si
1688 1429 1831 1471 sana
1863 1420 2056 1474 mente
2103 1420 2278 1495 esset,

58 1500 366 1558 consulere
409 1499 665 1573 velletiS,
726 1505 851 1557 tum
895 1500 1007 1558 iste
1054 1500 1353 1558 venditum
1397 1506 1570 1573 atque
1618 1503 2042 1574 emancipatum
2096 1504 2279 1562 tribu-

54 1593 258 1646 natum
302 1588 558 1645 consiliis
586 1589 795 1646 vestris
825 1588 1091 1660 opposuit
1135 1589 1509 1662 cervicesque
1548 1606 1680 1647 suas
1710 1592 1765 1646 ei
1791 1590 2039 1649 subiecit
2067 1593 2277 1665 securi,

56 1691 167 1747 qua
213 1675 387 1733 multi
432 1676 747 1734 minoribus
786 1677 850 1734 in
892 1677 1151 1749 peccatis
1197 1676 1551 1735 occiderunt.
1655 1678 1724 1735 In
1769 1683 1857 1751 te,
1916 1678 1998 1740 M.
2044 1679 2276 1751 Antoni,

55 1763 112 1821 id
154 1764 423 1823 decrevit
466 1769 700 1822 senatus
748 1769 810 1822 et
854 1764 1088 1837 quidem
1140 1765 1478 1839 incolumis,
1537 1764 1794 1823 nondum
1837 1771 1923 1823 tot
1966 1767 2278 1825 luminibus

57 1852 392 1925 exstinctiS,
457 1852 614 1923 quod
667 1852 729 1909 in
782 1852 1006 1910 hostem
1067 1856 1328 1924 togatum
1383 1853 1624 1911 decerni
1682 1858 1772 1911 est
1831 1853 2063 1912 solitum
2117 1872 2276 1913 more

54 1941 360 1998 maiorum,
470 1939 549 1998 Et
618 1944 685 1996 tu
746 1940 901 2013 apud
960 1945 1158 2012 patres
1236 1942 1588 2013 conscriptos
1656 1946 1856 1999 contra
1916 1960 2009 2001 me
2080 1943 2276 2002 dicere

55 2043 232 2086 ausus
261 2044 346 2102 eS,
394 2044 522 2084 cum
553 2028 625 2085 ab
658 2028 767 2086 hoc
798 2028 1000 2086 ordine
1035 2044 1144 2102 ego
1179 2034 1550 2087 conservator
1595 2045 1813 2103 essem,
1859 2035 1921 2088 tu
1963 2031 2142 2088 hostis
2186 2032 2277 2088 rei

53 2116 326 2189 publicae
371 2115 697 2174 iudicatus?
798 2115 1278 2176 Commemoratio
1323 2116 1479 2175 illius
1523 2118 1607 2175 tui
1664 2117 1903 2176 sceleris
1946 2119 2277 2177 intermissa

55 2210 176 2279 est,
233 2221 356 2263 non
408 2205 688 2262 memoria
736 2205 946 2263 deleta.
1051 2206 1206 2263 Dum
1262 2224 1446 2280 genus
1506 2207 1823 2281 hominum,
1886 2208 2024 2266 dum
2077 2209 2277 2282 populi

52 2291 304 2351 Romani
346 2308 558 2351 nomen
600 2294 878 2367 exstabit,
925 2326 1008 2335 -—
1056 2293 1204 2366 quod
1251 2294 1485 2367 quidem
1529 2296 1666 2369 erit,
1713 2295 1763 2352 si
1805 2311 1915 2369 per
1958 2302 2016 2355 te
2058 2297 2276 2369 licebit,

54 2382 479 2454 sempiternum
520 2413 609 2422 —
647 2386 751 2439 tua
793 2382 897 2439 illa
938 2382 1219 2452 pestifera
1257 2384 1601 2441 intercessio
1649 2383 2055 2442 nominabitur.
2128 2384 2278 2455 Quid
2297 2393 2376 2450 52

52 2470 264 2543 cupide
312 2485 349 2526 a
394 2475 626 2542 senatu,
684 2469 823 2541 quid
886 2474 1110 2527 temere
1164 2468 1371 2544 fiebat,
1428 2487 1555 2529 cum
1607 2476 1671 2529 tu
1726 2488 1877 2530 unus
1933 2473 2279 2531 adulescens

48 2559 397 2616 universum
443 2557 704 2616 ordinem
750 2557 1069 2616 decernere
1116 2556 1189 2615 de
1226 2559 1415 2616 salute
1464 2559 1555 2616 rei
1599 2559 1865 2630 publicae
1912 2561 2275 2634 prohibuisti,

47 2662 247 2719 neque
296 2647 507 2719 semel,
568 2645 672 2705 sed
718 2645 981 2720 saepiuS,
1036 2661 1229 2718 neque
1275 2651 1339 2703 tu
1382 2651 1578 2704 tecum
1623 2645 1695 2705 de
1742 2653 1978 2706 senatus
2025 2649 2274 2706 auctori·

45 2739 176 2791 tate
228 2735 324 2807 agi
378 2750 579 2806 passus
636 2736 739 2793 es?
828 2732 977 2804 Quid
1033 2739 1227 2792 autem
1287 2734 1594 2808 agebatur,
1668 2735 1781 2793 nisi
1841 2752 1917 2793 ne
1971 2735 2156 2794 deleri
2215 2742 2274 2794 et

47 2822 243 2880 everti
261 2815 316 2899 3)
374 2838 498 2880 rem
540 2821 831 2894 publicam
876 2821 1137 2880 funditus
1183 2822 1405 2881 velles?
1469 2839 1601 2880 cum
1645 2828 1704 2881 te
1748 2840 1936 2895 neque
1982 2824 2274 2897 principes
2327 2862 2332 2867 -

43 2909 312 2968 civitatis
367 2909 625 2984 rogando
669 2926 861 2982 neque
916 2910 1168 2969 maiores
1221 2916 1363 2968 natu
1417 2910 1702 2970 monendo
1750 2928 1940 2984 neque
1999 2910 2274 2985 frequens

41 3002 297 3056 senatus
371 2998 595 3069 agendo
661 2998 733 3056 de
807 2997 1045 3056 vendita
1119 3004 1294 3071 atque
1370 2998 1602 3056 addicta
1676 3000 1967 3057 sententia
2039 3016 2271 3060 movere

35 3086 343 3159 potuisset
360 3079 446 3166 4),
501 3090 623 3144 tum
666 3085 827 3143 illud·
859 3086 1055 3144 multis
1100 3086 1277 3144 rebus
1322 3092 1458 3145 ante
1502 3088 1740 3145 tentatis
1782 3088 2113 3146 necessario
2168 3087 2274 3145 tibi

38 3176 266 3233 volnus
322 3172 601 3232 inflictum
662 3180 752 3232 est
767 3218 783 3248 ,
856 3174 1011 3247 quod
1067 3176 1270 3248 paucis
1331 3180 1469 3233 ante
1527 3180 1616 3249 te,
1677 3192 1918 3248 quorum
1970 3177 2273 3234 incolumis

29 3260 156 3321 fuit
201 3277 400 3320 nemo:
463 3267 587 3319 tum
629 3268 832 3320 contra
876 3267 935 3321 te
981 3261 1143 3320 dedit
1199 3278 1363 3320 arma
1420 3263 1514 3321 hic
1560 3263 1698 3321 ordo
1745 3264 2075 3321 consulibus
2136 3264 2274 3322 reli·
2296 3271 2378 3329 53

31 3351 298 3423 quisque
359 3350 616 3422 imperiis
678 3355 739 3408 et
787 3350 1205 3423 potestatibus:
1264 3368 1414 3423 quae
1478 3369 1596 3410 non
1657 3350 1954 3425 effugisses
1973 3397 1990 3427 ,
2048 3352 2160 3409 nisi
2217 3357 2274 3409 te

233 3603 287 3672 1)
343 3599 631 3665 devorare,
695 3599 838 3671 quod
885 3600 1083 3657 excidit
1126 3603 1182 3656 in
1226 3599 1405 3669 codd,
1461 3601 1705 3657 Faernus
1752 3601 1983 3678 addidit,
2048 3601 2279 3660 Schuetz

21 3674 328 3745 inyerere,
382 3672 607 3741 Madvig
652 3672 902 3737 haurire,
967 3674 1064 3726 alii
1101 3674 1234 3738 alia,
1272 3673 1580 3727 Hirschfeld
1615 3674 1753 3727 coni.
1800 3674 1850 3726 si
1899 3674 1999 3727 hoc
2033 3676 2280 3741 expleam-e

21 3743 216 3814 quod.
380 3744 435 3811 2)
474 3743 561 3797 Sic
596 3743 820 3812 Madvig
856 3745 1015 3808 coni.;
1060 3744 1209 3797 codd.
1250 3743 1491 3798 dedecus.
1646 3745 1700 3811 3)
1742 3744 1829 3797 Sic
1866 3745 1998 3797 coni.
2039 3744 2276 3808 Ferrar.;

21 3816 232 3871 Vatia.
266 3813 438 3867 delere
474 3818 523 3866 et
558 3814 722 3867 everti
732 3834 750 3877 ;
798 3817 897 3868 cet.
945 3814 1096 3868 codd.
1134 3814 1309 3868 delere
1361 3822 1413 3870 et
1456 3818 1696 3867 evertere.
1909 3815 1966 3883 4)
2006 3815 2279 3881 potuisset

17 3885 307 3953 Madvig3
346 3885 496 3953 vulg.
535 3902 598 3938 ex
634 3884 787 3938 codd.
818 3882 1044 3952 potuit?
1120 3886 1275 3939 Tum.
