2669 4354
446 252 568 309 326
1201 268 1482 310 AccvsAzr.
1527 270 1595 309 m
1635 267 1888 310 VERREM

443 443 535 499 hic
582 442 708 500 dies
751 443 837 499 illi
883 444 1128 516 tempori
1175 442 1506 501 videbatur!
1597 444 1743 501 Tum
1788 444 2103 516 imperator
2144 443 2348 515 populi
2392 443 2629 513 Romani,

441 530 529 587 vir
592 531 969 605 clarissimuS,
1051 532 1190 589 deos
1262 532 1482 603 patrios
1549 532 1890 604 reportabat
1959 530 2293 603 Segestanis
2372 548 2438 588 ex
2507 529 2630 587 urbe

441 618 693 676 hostium
746 623 1149 691 recuperatos:
1212 635 1367 677 nunc
1425 636 1496 675 ex
1555 619 1701 676 urbe
1760 619 2045 676 sociorum
2103 625 2344 691 praetor
2398 618 2631 677 eiusdem

439 706 636 778 populi
688 707 1049 779 turpissimus
1096 712 1270 778 atque
1317 706 1741 780 impurissimus
1790 706 2022 765 eosdem
2069 706 2199 763 iHos
2245 706 2388 765 deos
2431 704 2632 764 nefario

440 794 663 851 scelere
711 792 1030 853 auferebat.
1136 793 1288 864 Quid
1343 787 1522 872 hoc-¹)
1586 799 1708 851 tota
1769 794 1970 852 Sicilia
2034 799 2122 851 est
2179 795 2423 866 clarius,
2484 810 2629 866 quam

439 897 636 939 omnes
690 879 970 955 Segestae
1029 887 1318 939 matronas
1391 887 1452 939 et
1510 882 1760 954 virgines
1831 881 2194 954 convenisse,
2279 898 2409 940 cum
2469 883 2631 938 Diana

439 973 844 1041 exportaretur
904 986 974 1026 ex
1034 970 1272 1042 oppid0,
1345 969 1574 1027 unxisse
1634 971 1967 1042 unguentis,
2047 969 2366 1041 complesse
2433 971 2632 1027 coronis

441 1061 500 1113 et
547 1053 809 1127 floribus,
872 1063 1029 1127 ture,
1085 1057 1358 1114 odoribus
1402 1056 1655 1114 incensis
1700 1073 1881 1128 usque
1942 1056 2016 1114 ad
2071 1057 2197 1129 agri
2256 1055 2404 1115 fines
2462 1074 2634 1131 prose·

339 1149 417 1206 78
440 1148 601 1201 cutas
665 1146 835 1202 esse?
945 1144 1110 1201 Hanc
1179 1150 1241 1202 tu
1305 1150 1525 1201 tantam
1596 1145 1933 1216 religionem
2000 1146 2049 1202 si
2113 1150 2231 1201 tum
2294 1146 2354 1201 in
2418 1146 2634 1219 imperio

439 1237 679 1303 propter
753 1231 1124 1304 cupiditatem
1201 1238 1375 1304 atque
1452 1230 1748 1290 audaciam
1826 1248 1943 1289 non
2012 1233 2501 1304 pertimescebaS,
2573 1249 2632 1289 ne

439 1335 592 1375 nunc
634 1319 864 1390 quidem
926 1320 986 1376 in
1045 1325 1207 1377 tanto
1262 1324 1363 1376 tuo
1426 1320 1855 1391 liberorumque
1912 1325 2141 1376 tuorum
2195 1320 2463 1391 periculo
2520 1338 2629 1393 per-

438 1407 768 1464 horrescis?
858 1406 1037 1477 Quem
1084 1406 1189 1464 tibi
1235 1411 1336 1465 aut
1380 1407 1668 1464 hominem
1714 1407 1906 1465 invitis
1956 1406 2043 1464 dis
2088 1407 2508 1466 immortalibus
2549 1414 2633 1463 aut

438 1509 577 1550 vero
635 1494 808 1552 deum
878 1496 1057 1552 tantis
1118 1511 1314 1552 eorum
1385 1494 1762 1566 religionibus
1823 1494 2048 1552 violatis
2118 1496 2335 1552 auxilio
2399 1496 2633 1554 futurum

437 1583 649 1653 putas?
738 1581 869 1639 Tibi
923 1583 1024 1639 illa
1070 1582 1261 1639 Diana
1317 1583 1377 1638 in
1431 1598 1577 1654 pace
1625 1589 1796 1654 atque
1859 1583 1918 1639 in
1965 1582 2081 1639 otio
2123 1583 2471 1655 religionem
2530 1583 2633 1640 nul-

441 1669 555 1726 lam
602 1669 843 1731 attulit?
922 1686 1071 1741 quae
1135 1686 1261 1725 cum
1318 1657 1468 1726 'duas
1526 1669 1728 1743 urbes,
1804 1670 1863 1725 in
1927 1669 2131 1741 quibus
2188 1670 2384 1728 locata
2453 1671 2631 1739 fuerat,

437 1763 635 1829 captas
694 1757 1074 1828 incensasque
1133 1755 1406 1829 vidisset,
1481 1756 1568 1814 bis
1642 1774 1715 1814 ex
1775 1756 2015 1814 duorum
2076 1757 2357 1815 bellorum
2432 1757 2633 1816 flamma

434 1843 705 1916 ferroque
797 1849 1028 1902 servata
1118 1847 1234 1915 est3
1331 1860 1481 1915 quae
1560 1844 2135 1923 Karthaginiensium·
2198 1846 2451 1904 victoria
2530 1847 2633 1902 loco

436 1937 655 1989 mutato
702 1932 1044 2004 religionem
1089 1936 1283 1988 tamen
1329 1948 1447 1988 non
1492 1932 1711 2004 amisit,
1753 1932 1816 1988 P.
1859 1930 2119 1989 Africani
2162 1933 2382 1991 virtute
2430 1935 2634 2005 religio-

433 2036 567 2077 nem
614 2019 779 2076 simul
838 2035 965 2076 cum
1012 2019 1137 2076 loco
1182 2019 1564 2092 recuperavit.
1657 2018 1778 2089 Quo
1824 2019 2054 2089 quidem
2101 2022 2328 2079 scelere
2389 2028 2631 2093 suscepto

434 2124 561 2165 cum
609 2107 794 2163 inanis
840 2113 996 2164 esset
1037 2107 1191 2165 basis
1238 2112 1298 2163 et
1343 2107 1404 2164 in
1444 2123 1514 2164 ea
1559 2107 1621 2164 P.
1668 2105 1932 2164 Africani
1979 2124 2188 2165 nomen
2234 2109 2510 2184 incisum,
2554 2126 2631 2166 res

433 2195 671 2268 indigna
728 2199 899 2266 atque
953 2193 1321 2253 intoleranda
1366 2194 1671 2252 videbatur
1730 2196 2024 2268 omnibus,
2094 2213 2209 2254 non
2270 2198 2459 2255 solum
2518 2199 2632 2254 reli-

431 2284 635 2355 giones
697 2297 824 2340 esse
871 2284 1148 2357 violataS,
1214 2299 1413 2339 verum
1461 2283 1635 2340 etiam
1695 2282 1759 2339 P.
1803 2283 2096 2356 Africani,
2166 2285 2277 2341 viri
2334 2284 2629 2352 fortissimi,

432 2387 626 2427 rerum
665 2376 959 2443 gestarum
1005 2372 1271 2443 gloriam,
1334 2371 1671 2427 memoriam
1728 2371 1987 2444 virtutis,
2040 2379 2420 2431 monumenta
2480 2375 2630 2430 victo-

330 2466 410 2521 79
432 2458 557 2515 riae
605 2456 664 2514 C.
711 2458 954 2515 Verrem
1000 2458 1312 2516 sustulisse.
1405 2457 1566 2528 Quod
1615 2473 1741 2514 cum
1780 2458 1877 2514 isti
1923 2460 2361 2517 renuntiaretur
2408 2461 2479 2519 de
2524 2461 2664 2518 basi>

431 2561 501 2602 ac
546 2545 755 2603 litteris
776 2539 859 2624 ²),
929 2545 1275 2604 existimavit
1338 2546 1594 2602 homines
1650 2545 1710 2601 in
1773 2545 2116 2603 oblivionem
2182 2548 2358 2605 totius
2431 2549 2628 2621 negotii

432 2649 559 2691 esse
622 2637 922 2705 venturoS,
999 2634 1047 2690 si
1109 2634 1283 2689 etiam
1340 2632 1524 2689 basim
1590 2637 1882 2704 tamquam
1944 2633 2196 2691 indicem
2262 2637 2349 2693 sui
2416 2630 2629 2695 sceleris

430 2720 767 2778 sustulisset.
871 2721 1072 2792 Itaque
1146 2719 1460 2777 tollendam
1528 2720 1694 2776 istius
1759 2721 2003 2792 imperio
2061 2723 2432 2781 locaverunt:
2500 2740 2630 2796 quae

431 2807 591 2865 vobis
650 2808 860 2865 locatio
920 2824 992 2865 ex
1049 2807 1293 2879 publicis
1359 2806 1569 2865 litteris
1637 2808 2082 2881 Segestanorum
2150 2811 2345 2882 priore
2415 2813 2661 2888 actione}

428 2896 680 2953 recitata
722 2901 829 2952 est.
1688 2920 1714 2939 x

324 2987 410 3055 36
604 2983 688 3041 Te
733 2999 911 3055 nunc,
957 2982 1019 3039 P.
1062 2981 1276 3053 Scipi0‚
1326 2986 1417 3055 te,
1465 2982 1727 3055 inquam,
1771 2981 2144 3041 lectissimum
2193 2987 2636 3045 ornatissimum-

425 3088 537 3143 que
584 3070 1016 3128 adulescentem
1063 3069 1318 3142 appello;
1382 3070 1485 3126 abs
1531 3075 1589 3126 te
1630 3067 1879 3127 officium
1925 3076 2025 3128 tuo
2044 3064 2096 3150 ³)
2142 3072 2398 3131 debitum
2443 3075 2660 3150 generi3

426 3164 487 3216 et
532 3158 748 3216 nomini
795 3158 1029 3229 requiro
1080 3162 1139 3213 et
1184 3154 1397 3228 flagito.
1507 3156 1623 3213 Cur
1683 3174 1786 3229 pro
1830 3159 1970 3231 isto,
2030 3160 2128 3230 qui
2188 3161 2419 3220 laudem
2468 3163 2659 3226 hono-i

424 3263 665 3318 remque
711 3244 964 3302 familiae
1009 3249 1239 3302 vestrae
1278 3244 1654 3316 depeculatus
1702 3251 1822 3317 est,
1891 3249 2152 3319 pugnas?
2214 3266 2317 3306 cur
2365 3268 2499 3309 eum
2544 3251 2635 3309 de·

422 3332 648 3391 sensum
693 3350 820 3392 esse
866 3335 988 3390 vis?
1035 3348 1137 3388 cur
1183 3348 1290 3405 ego
1338 3339 1466 3389 tuas
1512 3337 1708 3403 partes
1756 3334 2044 3405 suscipio?
2092 3352 2194 3392 cur
2240 3343 2401 3396 tuum
2440 3355 2657 3398 munus

424 3422 717 3478 sustineo?
821 3419 937 3477 Cur
977 3418 1057 3476 M.
1102 3418 1323 3476 Tullius
1384 3419 1446 3475 P.
1492 3418 1753 3476 Africani
1813 3430 2183 3481 monumenta
2243 3428 2521 3498 requirit,
2580 3421 2657 3480 Ρ.

424 3508 615 3580 Scipio
665 3525 822 3580 eum,
868 3509 966 3580 qui
1012 3508 1114 3564 illa
1154 3507 1421 3579 sustulit,
1478 3505 1781 3565 defendit?
1873 3507 2015 3566 Cum
2061 3528 2183 3569 mos
2240 3530 2276 3569 a
2330 3513 2657 3578 maioribus]

565 3723 618 3787 1)
655 3721 872 3774 Ernesti
908 3724 1004 3774 aut
1047 3720 1144 3773 hoe
1195 3725 1290 3774 aut
1342 3736 1507 3786 qua-m
1545 3719 1829 3776 delendum
1873 3724 2112 3790 censuit,
2159 3727 2252 3778 sed
2292 3743 2337 3779 v.
2375 3726 2438 3778 de
2474 3745 2551 3779 or.
2591 3727 2629 3790 1,

424 3796 453 3855 ξ
484 3790 599 3844 169.
639 3791 690 3843 d.
731 3790 831 3843 div.
869 3791 913 3852 I,
951 3796 980 3854 ἓ
1005 3791 1090 3847 86.
1305 3791 1360 3857 2)
1425 3791 1491 3842 de
1538 3791 1662 3842 basi
1718 3808 1785 3844 ac
1833 3794 2025 3846 litteris
2078 3812 2194 3848 unc.
2240 3799 2359 3849 incl.
2398 3797 2626 3856 Richter,

425 3860 703 3926 Eberhard.
883 3861 935 3926 3)
977 3866 1071 3911 teto
1109 3861 1279 3914 Bake:
1318 3861 1469 3913 codd.
1523 3866 1705 3927 tuum,
1745 3864 1886 3930 quod
1926 3866 2120 3917 retinet
2156 3866 2364 3920 Miiller.
