2669 4354
383 192 506 250 382
1067 203 1287 245 onAno
1330 204 1589 245 rmum.
1637 203 1908 244 sncvivnA

383 381 647 455 uberiuS,
722 378 892 437 homo
953 378 1280 438 misericors
1328 376 1486 437 ferre
1541 395 1659 437 non
1714 381 1928 454 potuit,
1990 383 2164 451 caput
2208 379 2481 452 aperuit,
2530 377 2582 433 in

385 469 593 528 collum
649 468 879 528 invasit.
970 465 1017 524 Ο
1067 467 1358 526 hominem
1413 469 1691 541 nequam!
1759 466 1896 541 quid
1950 468 2101 527 enim
2156 466 2318 524 aliud
2375 466 2581 524 dicam?

385 557 567 630 magis
634 556 867 629 proprie
930 555 1077 613 nihil
1139 571 1373 629 possum
1433 556 1649 614 dicere.
1761 556 1920 629 Ergo
1980 560 2045 613 ut
2107 560 2171 613 te
2235 553 2580 626 Catamitum,

385 645 729 718 necopinato
778 660 904 701 cum
960 649 1018 702 te
1068 643 1423 701 ostendisses
1440 689 1456 718 ,
1514 649 1753 718 praeter
1808 660 1970 716 spem
2029 643 2236 701 mulier
2295 643 2582 716 aspiceret,

383 734 600 792 idcirco
646 732 849 789 urbem
893 736 1117 789 terrore
1163 736 1481 807 nocturne,
1535 732 1765 791 Italiam
1810 733 2116 790 multorum
2162 731 2390 788 dierum
2443 735 2582 788 metu

285 821 364 879 78
384 819 775 894 perturbasti?
873 819 954 876 Et
997 820 1149 878 domi
1206 819 1440 892 quidem
1486 836 1718 879 causam
1776 820 1986 878 amoris
2040 818 2297 877 habuisti
2319 813 2400 898 ¹),
2460 818 2584 875 foris

387 910 564 968 etiam
621 907 937 980 turpiorem
958 952 974 981 ,
1024 924 1098 965 ne
1157 906 1224 965 L.
1271 907 1517 967 Plancus
1576 908 1826 981 praedes
1881 914 2010 965 tuos
2055 907 2358 966 venderet.
2462 907 2587 964 Pro-

387 998 589 1057 ductus
635 1000 829 1053 autem
884 996 946 1052 in
1003 995 1329 1054 contionem
1388 1011 1424 1053 a
1487 996 1717 1055 tribuno
1777 995 1964 1069 plebis
2020 1012 2150 1053 cum
2203 995 2586 1068 respondisses
2656 1054 2657 1069 2

388 1091 446 1144 te
488 1086 579 1142 rei
635 1088 772 1141 tuae
820 1095 998 1167 causa
1040 1085 1294 1158 venisse,
1364 1085 1637 1158 populum
1691 1085 1867 1143 etiam
1921 1084 2180 1142 dicacem
2235 1084 2299 1141 in
2361 1089 2421 1142 te
2474 1081 2589 1142 red-

387 1173 602 1232 didisti.
694 1170 838 1238 Sed-2
850 1171 1023 1231 nimis
1069 1173 1248 1229 multa
1294 1171 1368 1230 de
1411 1173 1607 1247 nugis:
1635 1173 1728 1231 ‘ad
1775 1173 1995 1231 maiora
2039 1165 2355 1231 veniamus
2656 1176 2657 1181 ’

281 1254 368 1321 32
565 1258 626 1317 C.
674 1257 913 1321 Caesari
960 1276 1030 1317 ex
1075 1259 1360 1333 Hispania
1405 1260 1675 1319 redeunti
1715 1261 1943 1319 obviam
1999 1260 2331 1332 longissime
2374 1275 2589 1332 proces-

387 1349 531 1409 sisti.
624 1345 910 1406 Celeriter
953 1347 1050 1405 isti
1086 1348 1290 1406 redisti
1308 1394 1324 1423 ,
1374 1354 1439 1407 ut
1483 1354 1856 1423 cognosceret
1897 1354 1956 1406 te
1971 1346 2001 1421 ,⁸
2049 1349 2100 1406 si
2143 1349 2333 1406 minus
2379 1348 2590 1418 fortem,

388 1441 449 1495 at
515 1441 711 1494 tamen
775 1439 1086 1495 strenuum.
1189 1436 1405 1495 Factus
1474 1452 1537 1495 es
1604 1437 1660 1494 ei
1727 1453 1924 1494 rursus
1986 1436 2184 1494 nescio
2257 1453 2370 1508 quo
2436 1434 2590 1494 modo

386 1523 705 1583 familiaris,
809 1522 1082 1582 Habebat
1131 1523 1241 1583 hoc
1294 1525 1529 1583 omnino
1575 1523 1818 1583 Caesar:
1881 1541 2052 1597 quem
2093 1524 2270 1597 plane
2314 1523 2589 1597 perditum

388 1629 527 1671 aere
573 1612 788 1668 alieno
813 1616 1225 1687 egentemque,
1280 1613 1329 1671 si
1379 1612 1627 1671 eundem
1672 1628 1920 1686 nequam
1960 1612 2254 1671 huminem
2299 1611 2592 1670 audacem-

386 1717 500 1773 que
571 1703 869 1771 cognorat,
939 1700 1092 1758 hunc
1159 1701 1222 1757 in
1295 1699 1753 1759 familiaritatem
1820 1701 2200 1759 libentissime
2267 1699 2590 1773 recipiebat.
2656 1750 2657 1771 ,

284 1790 365 1847 79
387 1789 492 1846 His
538 1787 715 1859 igitur
751 1785 928 1844 rebus
974 1790 1277 1862 praeclare
1320 1789 1755 1847 commendatus
1782 1789 1970 1847 iussus
2010 1805 2072 1846 es
2104 1788 2431 1847 renuntiari
2475 1804 2590 1846 con-

386 1877 476 1934 sul
539 1880 601 1933 et
657 1873 889 1946 quidem
942 1890 1070 1933 cum
1114 1876 1256 1949 ipso,
1366 1876 1526 1935 Nihil
1574 1892 1784 1950 queror
1831 1876 1903 1935 de
1950 1875 2293 1951 Dolabella,
2347 1877 2444 1950 qui
2487 1882 2592 1933 tum
2656 1916 2657 1935 ι

386 1968 478 2021 est
521 1963 828 2036 impulsuS,
886 1963 1186 2037 inductus,
1250 1964 1463 2023 elusus.
1554 1964 1679 2034 Qua
1721 1966 1784 2022 in
1825 1981 1891 2022 re
1937 1970 2155 2036 quanta
2209 1964 2392 2024 fuerit
2454 1969 2593 2021 uter·
2656 1988 2657 2025 ἕ

385 2068 496 2124 que
539 2055 796 2108 vestrum
840 2048 1083 2121 perfidia
1128 2053 1189 2109 in
1218 2051 1614 2126 Dolabellam,
1660 2053 1788 2125 quis
1831 2053 2097 2125 ignorat?
2186 2053 2295 2111 Ille
2345 2051 2589 2128 [induxit
2656 2038 2657 2113 Ῐ

383 2144 449 2198 ut
492 2136 744 2213 peteret]
768 2130 850 2219 ²),
893 2139 1233 2212 promissum
1279 2145 1341 2199 et
1384 2146 1683 2214 receptum
1728 2141 2063 2200 intervertit
2097 2140 2173 2199 ad
2211 2158 2394 2214 seque
2423 2146 2588 2199 trans·
2656 2134 2657 2216 j

384 2227 547 2285 tulit:
610 2232 674 2284 tu
730 2227 855 2284 eius
910 2226 1191 2300 perfidiae
1249 2230 1608 2288 voluntatem
1663 2236 1820 2287 tuam
1875 2229 2250 2303 adscripsisti.
2354 2227 2589 2287 Veniunt

385 2313 688 2372 Kalendae
737 2313 1078 2373 Ianuariae:
1126 2318 1386 2391 cogimur
1430 2318 1494 2376 in
1539 2324 1829 2377 senatum:
1876 2319 2140 2376 invectus
2187 2322 2279 2375 est
2324 2315 2586 2390 copiosius
2656 2341 2657 2376 1

282 2405 366 2463 80
386 2403 563 2460 multo
628 2402 691 2457 in
752 2402 926 2460 istum
988 2408 1048 2461 et
1104 2406 1365 2478 paratius
1423 2405 1732 2464 Dolabella
1793 2422 1965 2477 quam
2030 2422 2183 2463 nunc
2246 2422 2377 2478 ego.
2489 2403 2587 2461 Hic

385 2494 581 2553 autem
625 2490 808 2548 iratus
855 2503 1005 2563 quae
1052 2490 1198 2551 dixit
1215 2538 1229 2563 ,
1276 2494 1336 2551 di
1380 2494 1544 2552 boni!
1648 2493 1909 2552 Primum
1968 2510 2097 2551 cum
2137 2492 2358 2551 Caesar
2413 2497 2586 2551 osten-

384 2579 566 2637 disset
613 2594 706 2651 se,
766 2579 1105 2652 priusquam
1149 2580 1639 2655 proficisceretur,
1699 2581 2065 2640 Dolabellam
2124 2581 2419 2639 consulem
2475 2595 2585 2639 esse

382 2668 670 2723 iussurum
717 2698 802 2706 —-
848 2684 1019 2739 quem
1063 2675 1284 2740 negant
1308 2663 1361 2748 3)
1400 2686 1627 2744 regem,
1686 2674 1783 2742 qui
1830 2675 1890 2728 et
1933 2668 2174 2727 faceret.
2203 2685 2436 2742 semper
2477 2667 2587 2724 eius

382 2753 537 2812 modi
581 2753 798 2826 aliquid
851 2758 913 2812 et
956 2756 1182 2815 diceret
1225 2781 1337 2814 —z
1398 2757 1502 2815 sed
1562 2774 1693 2815 cum
1740 2756 1956 2816 Caesar
2012 2758 2099 2815 ita
2152 2756 2425 2830 dixisset,
2481 2761 2587 2812 tum

383 2842 478 2907 hic
513 2842 699 2899 bonus
740 2858 923 2916 augur
967 2860 1036 2902 eo
1069 2861 1131 2902 se
1178 2845 1502 2903 sacerdotio
1547 2845 1877 2918 praeditum
1924 2861 2052 2903 esse
2096 2844 2275 2917 dixit,
2323 2849 2390 2901 ut
2432 2842 2584 2901 comi-

380 2930 467 2988 tia
512 2929 783 3002 auspiciis
824 2931 918 2988 vel
971 2932 1253 3005 impedire
1300 2932 1392 2990 vel
1438 2934 1645 2991 vitiare
1692 2938 1916 3007 posset,
1983 2931 2156 3006 idque
2202 2948 2268 2990 se
2319 2931 2587 2991 facturum

383 3034 513 3075 esse
581 3013 964 3076 adseveravit.
1093 3020 1164 3077 In
1232 3037 1346 3092 quo
1414 3022 1662 3094 primum
1734 3020 2139 3080 incredibilem
2208 3020 2586 3094 stupiditatem

280 3111 360 3169 81
380 3105 629 3164 hominis
674 3106 1024 3179 cognoscite.
1115 3107 1263 3177 Quid
1312 3108 1504 3166 enim?
1561 3109 1744 3182 istud,
1799 3107 1952 3180 quod
1994 3114 2056 3167 te
2103 3108 2416 3167 sacerdotii
2469 3108 2585 3164 iure

381 3192 581 3253 facere
623 3209 795 3267 posse
836 3192 1063 3268 dixisti,
1121 3195 1169 3252 si
1215 3211 1401 3268 augur
1445 3212 1562 3253 non
1610 3212 1767 3255 esses
1812 3202 1875 3255 et
1920 3197 2119 3254 consul
2166 3212 2361 3270 esseS,
2416 3196 2585 3253 minus

381 3280 578 3340 facere
623 3281 946 3353 potuisses?
1055 3282 1203 3340 Vide
1248 3300 1324 3342 ne
1381 3283 1558 3341 etiam
1614 3283 1859 3345 facilius,
1972 3284 2090 3341 Nos
2155 3286 2317 3343 enim
2376 3283 2585 3342 nuntia·
2656 3351 2657 3366 χ

381 3371 600 3428 tionem
656 3369 839 3427 solum
897 3369 1177 3429 habemus
1195 3416 1211 3445 ,
1287 3373 1553 3430 consules
1614 3376 1674 3429 et
1730 3372 1941 3445 reliqui
1994 3373 2370 3445 magistratus
2428 3372 2584 3430 etiam
2656 3395 2657 3452 }

523 3603 576 3669 1)
616 3601 704 3655 Sic
731 3602 1036 3667 Ferrarius3
1078 3602 1229 3657 codd.
1266 3602 1485 3667 habuit,
1527 3604 1669 3672 quod
1697 3608 1826 3657 sunt
1852 3606 1942 3675 qui
1973 3605 2278 3674 retineant,
2317 3609 2408 3676 qui
2441 3608 2581 3676 paulo

380 3669 527 3724 infra
564 3674 752 3724 contra
787 3671 936 3726 codd.
979 3687 1107 3726 suos
1144 3689 1240 3742 pro
1280 3678 1404 3725 tuos
1455 3674 1713 3728 scribunt.
1927 3676 1982 3742 2)
2029 3674 2213 3731 Verba
2254 3678 2370 3734 ind.
2406 3685 2465 3733 ut
2486 3681 2587 3745 pet,
2656 3681 2657 3712 ³

381 3741 672 3883 }?5‡2.in
708 3741 909 3808 Vatia,
946 3741 1139 3799 inclus.
1172 3741 1449 3799 Garatoni.
1663 3746 1720 3814 3)
1767 3752 1931 3814 myat
1965 3747 2172 3815 Vatic„
2224 3750 2368 3820 quod
2401 3746 2581 3817 recepit
