2669 4354
1172 908 1786 986 ORATIO

1414 1062 1548 1105 PRO

917 1186 992 1271 Q.
1142 1184 2055 1344 LIGARIo.

1109 1457 1877 1523 ARGVMENTVM.

383 1566 446 1632 Q.
473 1563 721 1631 Ligarius
761 1562 837 1629 (a.
865 1579 915 1616 u.
945 1561 1077 1629 703)
1116 1562 1334 1630 legatus
1374 1560 1616 1614 Considii
1650 1563 1985 1630 proconsulis
2021 1563 2077 1615 in
2114 1564 2396 1633 provincia
2431 1564 2599 1617 Africa

452 1634 588 1698 fuit3
641 1650 703 1687 ex
751 1649 856 1702 qua
901 1648 1022 1688 cum
1060 1631 1341 1685 decederet
1377 1630 1689 1701 ConsidiuS‚
1740 1632 1789 1684 ei
1824 1632 2079 1703 praefecit
2112 1634 2400 1701 Ligarium
2422 1676 2434 1697 ,
2474 1634 2597 1705 quod

451 1708 506 1759 et
543 1703 766 1773 dignum
791 1720 849 1756 eo
888 1702 1084 1755 honore
1122 1703 1354 1770 putabat
1391 1705 1446 1755 et
1476 1702 1775 1771 gratiosum
1812 1718 1929 1757 esse
1967 1704 2020 1756 in
2060 1703 2340 1771 provincia
2376 1705 2596 1760 videbat.

450 1774 678 1829 Interim
718 1772 858 1826 fama
909 1772 972 1825 de
1015 1772 1163 1825 bello
1211 1772 1359 1826 civili
1412 1773 1551 1825 inter
1588 1772 1871 1826 Caesarem
1922 1776 1978 1827 et
2013 1774 2327 1843 Pompeium
2389 1778 2507 1829 orto
2551 1776 2598 1827 in

450 1845 685 1898 Africam
724 1847 807 1897 est
845 1842 1077 1912 perlata,
1115 1859 1224 1913 qua
1255 1842 1502 1896 commoti
1541 1844 1707 1907 civeS,
1757 1844 1849 1912 qui
1882 1844 1941 1897 in
1977 1844 2087 1898 ista
2122 1845 2405 1911 provincia
2442 1851 2597 1912 erant,
2651 1901 2652 1904 ,

454 1918 509 1970 et
539 1914 732 1986 reliqui
767 1913 1145 1982 provinciales,
1207 1913 1350 1982 quod
1387 1913 1607 1981 Pompei
1642 1914 1700 1966 in
1744 1914 1933 1982 primis
1972 1915 2203 1969 studiosi
2236 1919 2426 1979 erant,
2491 1933 2596 1970 eum

452 1986 640 2039 ducem
692 1985 794 2038 sibi
841 1999 957 2037 esse
1005 1983 1314 2053 voluerunt,
1380 1998 1482 2051 quo
1534 1987 1722 2037 contra
1768 1984 2052 2038 Caesarem
2102 1988 2411 2041 uterentur.
2498 1987 2598 2038 Hoc

451 2071 643 2110 munus
681 2071 800 2108 cum
837 2054 943 2107 iste
980 2055 1277 2123 recusaret,
1318 2053 1540 2117 accidit,
1579 2056 1642 2106 ut
1676 2053 1736 2107 P.
1764 2055 1923 2108 Atius
1959 2056 2157 2118 Varus,
2202 2056 2296 2125 qui
2335 2056 2595 2124 praetorio

453 2126 676 2194 imperio
711 2125 769 2177 in
793 2124 975 2179 Africa
1001 2123 1162 2192 (702)
1202 2123 1402 2193 fuerat,
1438 2124 1650 2179 Uticam
1685 2126 1893 2179 veniret
1930 2128 1985 2180 et
2022 2126 2262 2180 oblatum
2298 2127 2411 2182 sibi
2446 2129 2596 2195 impe·
2651 2137 2652 2185 1

454 2199 591 2251 rium
633 2197 875 2265 privatus
923 2194 1232 2263 susciperet.
1327 2195 1477 2249 Haec
1522 2195 1648 2249 dum
1698 2200 1985 2264 geruntur,
2047 2196 2107 2250 L.
2146 2197 2336 2251 Aelius
2384 2199 2593 2256 Tubero,
2651 2196 2652 2259 Ϊ

456 2267 517 2334 Q.
554 2270 736 2338 pater,
788 2282 850 2319 ex
893 2265 944 2321 S.
985 2263 1044 2319 C.
1080 2266 1135 2320 in
1171 2266 1502 2333 provinciam
1538 2266 1701 2319 venit.
1776 2266 1880 2320 Sed
1918 2283 1950 2319 a
1987 2267 2186 2332 Quinto
2223 2268 2475 2336 Ligario,
2516 2269 2594 2336 qui
2651 2300 2652 2307 κ

456 2338 588 2390 Vari
621 2337 830 2390 nomine
867 2353 990 2390 orae
1025 2335 1323 2389 maritimae
1356 2334 1613 2404 praefuit,
1668 2337 1915 2407 repulsus
1953 2338 2186 2408 urbeque
2220 2339 2499 2402 exclusuS‚
2544 2354 2594 2390 ac

453 2425 521 2461 ne
557 2406 726 2460 filium
767 2410 1044 2475 aegrotum
1079 2407 1137 2460 in
1177 2409 1380 2460 terram
1419 2409 1707 2474 exponeret
1750 2408 2054 2477 prohibitus
2092 2412 2189 2462 est.
2298 2409 2421 2474 Quo
2469 2409 2592 2463 facto

453 2478 545 2531 ille
581 2477 636 2531 in
671 2480 849 2531 castra
884 2477 1106 2548 Pompei
1142 2492 1199 2529 se
1237 2476 1468 2529 contulit
1502 2476 1687 2544 ibique
1724 2482 1911 2530 contra
1948 2477 2228 2532 Caesarem
2265 2496 2428 2534 arma
2463 2479 2591 2532 tulit

451 2549 648 2602 Verum
683 2547 815 2601 Pom
856 2549 937 2602 eio
983 2550 1191 2600 mortuo
1236 2549 1455 2617 totoque
1501 2547 1645 2601 bello
1696 2563 1811 2601 com
1853 2549 1990 2602 osito
2042 2565 2162 2604 cum
2210 2549 2419 2604 Caesar
2466 2552 2593 2604 inter

454 2618 591 2673 alios
630 2618 793 2673 etiam
817 2566 1095 2672 {uberoni
1131 2617 1457 2685 ignovisset,
1500 2617 1763 2684 Quintus,
1842 2619 1947 2672 lius
1985 2620 2122 2681 eius,
2159 2620 2476 2688 Ligarium,
2515 2619 2592 2688 qui

452 2690 624 2743 Roma
659 2688 848 2742 aberat
888 2690 943 2742 et
979 2687 1263 2741 Caesarem
1300 2688 1501 2740 iratum
1536 2688 1798 2752 habebat,
1836 2689 1979 2758 quod
2017 2694 2072 2743 et
2108 2690 2225 2758 ipse
2252 2690 2593 2760 Pompeiana-

451 2776 572 2814 rum
607 2759 840 2830 partium
889 2757 1068 2812 fuerat
1114 2760 1170 2810 et
1203 2756 1452 2812 Africano
1489 2757 1632 2811 bello
1668 2758 2013 2821 interfuerat,
2070 2761 2346 2814 absentem
2385 2777 2593 2815 accusa-

454 2830 535 2884 vit
570 2831 636 2883 de
673 2830 750 2898 vi,
789 2827 926 2897 quod
959 2830 1012 2882 in
1041 2827 1226 2882 Africa
1252 2826 1593 2882 Caesarianis
1634 2828 1879 2897 partibus
1911 2831 2158 2884 inimicus
2195 2830 2411 2886 fuisset.
2472 2831 2594 2884 Eum

454 2899 696 2954 defendit
732 2898 917 2953 Cicero
972 2902 1048 2966 (a.
1086 2898 1172 2954 46.
1212 2902 1341 2952 ante
1379 2897 1504 2952 Chr.
1546 2899 1620 2965 n.)
1672 2899 1779 2962 ita,
1826 2903 1888 2953 ut
1934 2901 2194 2955 concedat
2236 2901 2454 2970 quidem
2490 2917 2594 2954 eum
2651 2946 2652 2961 ,

450 2970 810 3038 Pompeianae
847 2986 1040 3024 causae
1090 2969 1320 3032 favisse,
1377 2968 1471 3022 sed
1520 2968 1685 3022 nihilo
1724 2970 1901 3024 minus
1950 2970 2183 3025 Caesare
2221 2972 2443 3040 dignum
2489 2987 2592 3024 esse

455 3040 707 3095 ostendat
744 3040 873 3095 huic
906 3055 1110 3111 quoque
1145 3039 1354 3093 veniam
1389 3036 1545 3108 dare,
1594 3038 1756 3108 quam
1793 3041 1899 3094 sibi
1936 3044 1992 3095 et
2029 3042 2296 3096 Tuberoni
2329 3046 2384 3096 et
2422 3041 2593 3095 multis

454 3112 576 3166 aliis
626 3110 857 3178 dederit3
913 3115 976 3164 ut
1027 3110 1329 3180 deprecatio
1386 3110 1566 3176 potius
1622 3110 1730 3163 ista
1779 3112 1951 3164 oratio
2001 3128 2161 3181 quam
2213 3110 2458 3166 defensio
2514 3111 2591 3164 sit.

455 3182 607 3248 (Vid.
646 3181 758 3236 Cic.
794 3181 968 3250 Epist.
1007 3180 1076 3234 ad
1110 3180 1276 3234 Attio.
1313 3179 1470 3243 XIII,
1500 3179 1582 3235 12.
1610 3179 1694 3235 19.
1722 3180 1805 3236 20.
1832 3181 1917 3236 44.
1945 3183 2014 3236 ad
2039 3183 2229 3236 Famil.
2258 3184 2352 3246 VI,
2383 3185 2468 3238 13.
2496 3181 2590 3246 14.)

325 3373 361 3438 1
381 3321 643 3438 Novum
690 3379 936 3452 crimen,
1000 3376 1061 3436 C.
1110 3376 1354 3451 Caesar,
1418 3381 1478 3436 et
1524 3381 1660 3436 ante
1711 3377 1867 3435 hunc
1911 3378 2066 3436 diem
2110 3394 2227 3436 non
2271 3368 2591 3453 auditum1)

325 3488 358 3545 1
383 3469 743 3543 propinquus
788 3483 955 3525 meus
987 3466 1078 3524 ad
1111 3472 1170 3524 te
1203 3464 1267 3535 Q.
1300 3465 1533 3523 Tubero
1564 3465 1794 3539 detulit,
1884 3465 1948 3536 Q.
1977 3466 2278 3539 Ligarium
2320 3466 2380 3523 in
2402 3464 2587 3523 Africa
2651 3516 2652 3519 ,

386 3556 568 3615 fuisse
589 3600 604 3629 ,
663 3555 837 3627 idque
886 3553 948 3612 C.
989 3549 1216 3627 Pansa,
1277 3553 1600 3626 praestanti
1646 3553 1734 3612 vir
1796 3554 2058 3628 ingeni0‚
2115 3553 2301 3613 fretus
2358 3553 2583 3611 fortasse

547 3758 601 3823 1)
641 3755 729 3809 Sic
767 3755 878 3808 cod.
917 3752 1123 3808 Gembl.
1163 3756 1218 3806 et
1253 3751 1481 3817 Quintil.
1518 3751 1597 3806 XI
1629 3753 1678 3812 3,
1719 3751 1820 3807 108
1858 3754 1913 3805 et
1951 3752 2068 3822 110,
2108 3752 2203 3822 qui
2237 3734 2413 3808 tamen
2451 3754 2580 3804 utro-
2651 3754 2652 3805 ἲ

387 3844 490 3897 que
526 3826 642 3880 loco
675 3824 818 3878 hanc
854 3822 990 3876 diem
1024 3824 1211 3889 habet3
1250 3824 1414 3892 vulgo
1451 3839 1569 3877 cum
1607 3823 1719 3877 Erf.
1755 3821 2085 3876 mauditum.
