2669 4354
737 248 954 297 omno
1000 257 1112 298 Pno
1157 258 1209 308 Q.
1256 258 1521 299 memo,
2108 243 2233 301 269

74 427 423 485 familiaritate
474 445 570 500 ea,
614 445 766 501 quae
815 436 904 489 est
950 431 1005 488 ei
1051 435 1271 504 tecum,
1317 446 1495 489 ausus
1527 436 1616 489 est
1661 428 1938 490 confiteri.
2027 432 2235 505 Itaque

71 532 143 586 quo
194 532 286 573 me
349 522 575 574 vertam
641 518 855 576 nescio.
976 518 1220 576 Paratus
1279 519 1431 576 enim
1493 536 1791 593 veneram,
1862 536 2017 577 cum.
2049 524 2116 577 tu
2174 520 2236 578 id

72 619 209 675 neque
256 620 363 675 per
409 608 471 660 te
517 604 699 663 scires
743 622 933 678 neque
982 606 1185 664 audire
1234 606 1468 665 aliunde
1514 608 1801 680 potuisses
1820 651 1835 680 ,
1895 613 1963 665 ut
2007 607 2236 681 ignora-

71 692 173 749 tione
239 697 344 749 tua
412 692 486 749 aii
544 693 787 752 hominis
854 694 1049 753 miseri
1115 696 1358 752 salutem
1427 694 1729 768 abuterer,
1796 695 1898 752 sed
1966 696 2236 767 quoniam

71 778 325 852 diligentia
388 781 603 838 inimici
663 782 1074 855 investigatum
1135 788 1252 855 est,
1317 782 1469 853 quod
1528 782 1773 856 latebat,
1849 781 2237 841 confitendum

73 872 146 941 est,
180 875 248 927 ut
295 869 499 941 opinor
522 862 589 948 1),
629 871 975 942 praesertim
1013 887 1143 928 cum
1182 885 1347 927 meus
1391 871 1755 930 necessarius
1785 871 1975 928 Pansa
1997 864 2050 951 ²)
2080 870 2236 930 fece-

69 956 138 1028 rit,
171 962 237 1014 ut
281 956 341 1013 id
373 956 665 1031 integrum
706 958 822 1015 iam
868 974 982 1016 non
1029 963 1218 1030 esset,
1261 956 1588 1031 omissaque
1619 959 2009 1017 controversia
2053 959 2235 1016 omnis

70 1045 203 1101 oratio
250 1043 326 1101 ad
373 1045 824 1103 misericordiam
872 1052 1028 1103 tuam
1078 1044 1433 1103 conferenda
1479 1052 1568 1104 est
1585 1092 1599 1118 ,
1659 1063 1776 1118 qua
1819 1047 2051 1119 plurimi
2098 1052 2234 1104 sunt

69 1133 381 1205 conservati,
429 1148 559 1190 cum
606 1149 642 1191 a
685 1139 744 1190 te
791 1151 907 1192 non
952 1134 1358 1193 liberationem
1390 1134 1616 1207 culpae,
1659 1134 1761 1192 sed
1795 1136 1974 1192 errati
2003 1134 2231 1192 veniam

68 1219 501 1291 impetravissent.
612 1220 810 1279 Habes
874 1222 1075 1295 igitur,
1176 1221 1435 1294 Tuber0,
1526 1221 1681 1295 quod
1753 1227 1843 1280 est
1910 1222 2234 1280 accusatori
2253 1211 2291 1268 2

67 1308 264 1365 maxime
319 1307 660 1381 optandum,
716 1307 1084 1367 confitentem
1140 1326 1306 1368 reum
1322 1354 1338 1382 ,
1404 1309 1507 1367 sed
1556 1315 1753 1367 tamen
1803 1309 1912 1368 hoc
1957 1307 2233 1368 confiten-

67 1401 172 1468 tem,
245 1412 309 1454 se
358 1397 421 1453 in
483 1413 554 1454 ea
603 1403 771 1470 parte
833 1395 1011 1456 fuisse
1030 1443 1045 1471 ,
1121 1414 1234 1470 qua
1292 1402 1354 1455 te
1374 1441 1389 1469 ,
1453 1414 1566 1469 qua
1618 1398 1799 1455 virum
1851 1398 2005 1455 omni
2058 1396 2232 1456 laude

67 1480 287 1556 dignum,
334 1489 562 1556 patrem
608 1489 785 1544 tuum.
888 1486 1094 1558 Itaque
1145 1486 1303 1557 prius
1349 1484 1423 1542 de
1467 1491 1656 1545 vestro
1701 1485 1914 1544 delicto
1961 1483 2233 1544 confitea-

68 1572 166 1629 mini
207 1588 453 1631 necesse
501 1579 618 1644 est,
665 1588 836 1645 quam
882 1573 1101 1645 Ligarii
1146 1573 1319 1631 ullam
1368 1572 1594 1646 culpam
1639 1573 2100 1646 reprehendatis

239 1660 483 1732 Quintus
546 1661 695 1718 enim
758 1660 1055 1734 Ligarius,
1131 1678 1257 1718 cum
1324 1668 1482 1721 esset
1539 1662 1698 1719 nul-la
1764 1661 1903 1719 belli
1963 1661 2233 1734 suspicio,

66 1747 247 1819 legatus
307 1749 371 1805 in
424 1746 679 1806 Africam
746 1766 875 1805 cum
898 1742 950 1826 3)
1011 1748 1071 1806 C.
1126 1748 1395 1806 Considio
1452 1746 1744 1822 profectus
1806 1754 1925 1822 est,
2000 1765 2115 1821 qua
2172 1749 2233 1805 in

67 1833 312 1907 legatione
364 1841 423 1893 et
480 1837 699 1910 civibus
747 1841 808 1893 et
853 1838 1024 1895 sociis
1069 1838 1151 1893 ita
1202 1853 1262 1894 se
1303 1837 1592 1909 probavit,
1650 1842 1714 1895 ut
1755 1836 2045 1895 decedens
2086 1836 2235 1894 Con-

69 1922 206 1982 sidius
249 1924 547 1997 provincia
577 1925 718 1982 satis
765 1923 958 1982 facere
1004 1925 1325 1982 hominibus
1370 1941 1486 1982 non
1528 1929 1750 1997 posset,
1797 1925 1846 1981 si
1892 1940 2233 1997 quemquam

70 2010 201 2068 alium
255 2012 588 2084 provinciae
649 2010 1041 2084 praefecisset.
1142 2013 1345 2085 Itaque
1387 2012 1675 2086 LigariuS,
1740 2030 1867 2070 cum
1912 2012 2013 2070 diu
2069 2028 2233 2071 recu-

69 2113 167 2155 sans
203 2100 342 2157 nihil
386 2099 761 2173 profecisset,
819 2101 1168 2172 provinciam
1216 2102 1442 2173 accepit
1488 2100 1732 2174 invitus;
1792 2102 1886 2158 cui
1943 2101 2024 2157 sic
2067 2116 2235 2173 prae-

70 2184 147 2243 fuit
192 2190 248 2246 in
294 2205 475 2262 pace,
529 2196 593 2246 ut
645 2195 705 2245 et
751 2187 970 2246 civibus
1013 2195 1073 2249 et
1112 2189 1281 2247 sociis
1322 2190 1647 2262 gratissima
1694 2195 1849 2247 esset
1906 2190 2030 2247 eius
2085 2190 2237 2247 inte-

71 2276 209 2345 gritas
253 2294 320 2334 ac
366 2275 525 2334 fides,
613 2276 837 2334 Bellum
877 2276 1063 2335 subito
1109 2276 1352 2349 exarsit,
1398 2277 1550 2349 quod
1593 2277 1689 2350 qui
1736 2283 1903 2335 erant
1946 2279 2005 2335 in
2039 2269 2295 2334 Africa-‘3

72 2369 172 2420 ante
211 2365 520 2424 audierunt
570 2366 697 2437 geri
742 2381 912 2436 quam
959 2366 1176 2436 parari:
1234 2382 1344 2436 quo
1401 2364 1598 2422 audito
1659 2367 1866 2437 partim
1922 2365 2237 2438 cupiditate

70 2447 489 2524 inconsiderata,
548 2454 755 2523 partim
815 2468 988 2509 caeco
1035 2453 1280 2525 quodam
1325 2453 1532 2510 timore
1585 2454 1769 2525 primo
1825 2454 2054 2523 salutiS,
2109 2458 2241 2526 post

71 2539 208 2596 etiam
280 2540 457 2598 studii
528 2541 617 2597 sui
693 2540 1057 2612 quaerebant
1131 2541 1380 2613 aliquem
1454 2541 1659 2597 ducem
1679 2585 1693 2613 ,
1771 2558 1896 2599 cum
1968 2540 2240 2612 Ligarius

70 2623 257 2685 domum
318 2632 616 2701 spectans,
690 2628 763 2686 ad
821 2645 953 2685 suos
1013 2628 1205 2686 redire
1264 2628 1529 2701 cupienS,
1606 2629 1762 2686 nullo
1828 2647 1890 2686 se
1955 2629 2242 2701 implicari

68 2717 260 2786 negotio
327 2732 533 2789 passus
604 2722 708 2773 est.
823 2716 1063 2773 Interim
1126 2715 1189 2773 P.
1253 2715 1444 2772 Attius
1492 2715 1707 2787 VaruS,
1774 2717 1869 2789 qui
1935 2721 2169 2789 praetor
2185 2712 2239 2797 4)

68 2799 280 2861 Africam
340 2805 692 2877 obtinuerat,
781 2803 1006 2862 Uticam
1049 2804 1222 2862 venit.
1328 2803 1421 2860 Ad
1479 2819 1609 2860 eum
1666 2805 1856 2861 statim
1905 2821 2241 2862 concursum

67 2894 160 2961 θεῖς
227 2899 399 2964 atque
447 2891 548 2950 ille
588 2909 702 2949 non
757 2890 1035 2949 mediocri
1096 2891 1412 2964 cupiditate
1473 2891 1726 2964 adripuit
1782 2892 2116 2966 imperium,
2194 2893 2243 2949 si

65 2975 178 3034 illud
219 2980 524 3053 imperium
570 2996 697 3037 esse
743 2980 961 3052 potuit,
1021 2979 1171 3051 quod
1217 2979 1440 3052 privato
1461 2973 1515 3059 ⁵)
1563 2980 1811 3037 clamore
1858 2980 2242 3038 multitudinis

63 3063 358 3142 imperitae,
413 3067 570 3125 nullo
627 3066 856 3140 publico
903 3066 1141 3125 consilio
1187 3065 1580 3125 deferebatur.
1688 3066 1892 3141 Itaque
1954 3068 2243 3142 Ligarius,

64 3153 141 3220 qui
177 3171 338 3213 omne
384 3156 506 3214 tale
550 3156 840 3227 negotium
890 3161 1130 3227 cuperet
1184 3156 1470 3229 effugere,
1531 3157 1763 3227 paulum
1813 3155 2065 3215 adventu
2101 3157 2241 3213 Vari

65 3243 371 3312 conquievit.

184 3511 229 3576 1)
269 3511 474 3578 Kayser
499 3510 693 3578 opinor
733 3526 827 3578 pro
865 3515 925 3561 ut
961 3511 1153 3577 opinor
1191 3528 1257 3564 ex
1293 3513 1408 3565 cod.
1439 3512 1553 3566 Col.
1696 3513 1749 3580 2)
1790 3513 1877 3566 Sic
1913 3514 2065 3567 codd.
2105 3519 2215 3584 opt.
2228 3536 2241 3578 ;

72 3573 115 3629 C'.
152 3577 327 3635 Pansa
363 3582 650 3635 deteriores
700 3584 756 3634 et
790 3581 980 3644 Halm3
1032 3581 1121 3634 sed
1159 3598 1350 3635 nomen
1404 3583 1511 3634 iam
1564 3600 1726 3650 supra
1779 3590 2243 3639 commemoratum

68 3649 150 3697 est.
278 3653 329 3718 3)
368 3668 487 3704 cum
525 3668 627 3705 om.
669 3651 866 3716 Quint„
905 3652 1056 3705 uncis
1092 3653 1284 3705 inclus.
1325 3651 1549 3718 Kayser.
1714 3654 1770 3720 4)
1809 3653 1895 3708 Sic
1931 3654 2107 3717 codd.;
2134 3672 2244 3723 pro

64 3725 283 3777 praetore
325 3723 632 3776 Mommsen.
683 3721 802 3776 coll.
842 3722 991 3776 Caes,
1037 3722 1088 3775 b.
1130 3740 1172 3775 c.
1214 3722 1257 3785 Ι,
1296 3723 1381 3775 31.
1595 3725 1650 3790 5)
1699 3724 1952 3777 Dativum
2000 3727 2244 3780 restituit

69 3783 226 3841 Baiter
269 3809 327 3845 ex
371 3792 484 3847 cod.
538 3791 843 3859 salisburg3
907 3797 1006 3846 cet.
1049 3792 1198 3846 codd.
1249 3794 1337 3845 vel
1382 3793 1443 3846 in
1478 3792 1730 3862 privato,
1788 3795 1870 3848 vel
1916 3811 1953 3846 a
1989 3796 2239 3862 private,-

68 3854 207 3924 Vulgo
241 3861 312 3916 ad
337 3863 632 3930 privatum.
