2669 4354
909 256 1092 294 LIBER
1134 255 1418 304 QVARTVS.
2148 241 2269 298 351

226 430 317 489 De
364 431 700 489 laudatione
759 436 954 489 autem
1008 430 1158 489 ratio
1215 430 1297 487 sic
1356 429 1500 487 mihi
1553 429 1784 487 reddita
1841 434 1957 487 est:
2023 430 2272 503 primum
2294 433 2415 489 141

84 535 188 576 zum
253 535 290 577 a
353 517 411 578 C.
471 517 656 577 Verre
718 518 952 578 litterae
1019 519 1311 591 aliquanto
1375 523 1512 576 ante
1569 517 1884 576 adventum
1945 533 2136 575 meum
2197 519 2271 577 de

84 606 390 679 laudatione
436 606 755 679 venissent,
815 607 962 664 nihil
1008 623 1136 665 esse
1182 605 1511 679 decretum3
1573 605 1811 680 deinde,
1867 621 1996 662 cum
2038 607 2274 678 quidam

84 712 131 752 ex
172 695 331 752 illius
376 696 577 752 amicis
626 700 1060 753 commonerent
1105 699 1372 767 oportere
1419 693 1684 768 decerni,
1728 693 1974 752 maximo
2019 694 2269 755 clamore

84 799 184 841 esse
232 789 297 841 et
334 783 590 841 convicio
632 782 990 856 repudiatos:
1035 788 1266 856 postea,
1309 799 1438 839 cum
1457 774 1508 863 ¹)
1555 799 1716 840 meus
1748 781 2028 840 adventus
2064 782 2270 854 adpro·

84 871 397 945 pinquaret,
464 872 782 944 imperasse
855 887 982 928 eum
1002 915 1018 944 ,
1081 871 1179 943 qui
1246 885 1526 928 summam
1586 873 1938 943 potestatem
2002 871 2268 945 haberet,

84 964 123 1016 nt
173 959 587 1033 decernerent3
646 958 946 1017 decretum
1003 959 1088 1017 ita
1144 974 1300 1033 esse,
1356 963 1421 1015 ut
1478 958 1659 1016 multo
1702 959 1833 1031 plus
1874 957 1960 1016 illi
2011 958 2268 1017 laudatio

84 1047 194 1104 mali
236 1062 409 1119 quam
455 1047 589 1105 boni
644 1052 839 1118 posset
881 1044 1129 1105 adferre.
1231 1046 1302 1103 Id
1357 1045 1530 1118 adae,
1591 1044 1813 1104 iudices
1832 1089 1847 1120 ,
1904 1050 1967 1103 ut
2008 1047 2149 1105 mihi
2194 1047 2268 1105 ab

84 1135 172 1192 illis
214 1135 667 1193 demonstratum
707 1138 828 1208 est,
875 1136 959 1193 sic
1001 1151 1102 1193 vos
1150 1151 1222 1193 ex
1264 1151 1359 1193 me
1404 1134 1750 1208 cognoscite.

229 1223 358 1281 Mos
405 1228 495 1281 est
528 1222 855 1297 Syracusis,
898 1228 989 1296 ut,
1036 1223 1085 1280 si
1120 1238 1234 1295 qua
1279 1221 1353 1280 de
1388 1238 1458 1280 re
1503 1222 1578 1281 ad
1623 1227 1886 1281 senatum
1928 1217 2266 1304 refertur2),
2285 1217 2373 1283 64

84 1310 210 1368 licat
255 1311 606 1369 sententiam
652 1312 749 1383 qui
793 1312 962 1370 velit:
1023 1309 1361 1369 nominatim
1404 1326 1576 1368 nemo
1618 1314 1884 1385 rogatur,
1947 1317 2009 1370 et
2052 1315 2266 1386 tamen,
2289 1313 2413 1370 142

84 1403 125 1455 ut
179 1399 415 1471 quisque
477 1403 672 1457 aetate
730 1403 790 1456 et
848 1399 1066 1457 honore
1129 1398 1451 1471 antecedit,
1523 1399 1607 1456 ita
1668 1399 1885 1471 primus
1949 1400 2097 1458 solet
2162 1415 2268 1457 sua

84 1492 255 1558 ³ponte
313 1486 544 1561 dicere,
620 1487 817 1559 itaque
887 1503 923 1545 a
975 1487 1189 1546 ceteris
1249 1487 1305 1544 ei
1366 1485 1728 1544 conceditur:
1805 1486 1895 1544 sin
1955 1487 2268 1559 aliquando

84 1579 250 1632 'acent
293 1591 523 1648 omneS,
567 1580 687 1632 tum
728 1575 932 1633 sortito
976 1578 1259 1649 coguntur
1302 1572 1517 1632 dicere.
1609 1573 1751 1631 Cum
1789 1575 1884 1632 hic
1926 1592 2049 1634 mos
2095 1581 2266 1650 esset,

84 1660 307 1720 refertur
354 1661 428 1720 ad
466 1668 733 1721 senatum
777 1663 849 1722 de
896 1663 1227 1722 laudatione
1273 1662 1489 1720 Verris.
1594 1661 1665 1719 In
1707 1679 1820 1735 quo
1869 1663 2139 1737 primum,
2201 1669 2267 1721 ut

84 1751 268 1823 aliquid
316 1756 474 1810 esset
513 1767 713 1809 morae
733 1796 749 1825 ,
811 1752 978 1809 multi
1019 1751 1420 1823 interpellant:
1485 1749 1559 1808 de
1603 1749 1734 1809 SeX.
1782 1750 2114 1825 Peducaeo,
2170 1751 2267 1823 qui

84 1837 134 1896 ie
189 1839 288 1897 illa
349 1839 583 1898 civitate
641 1844 875 1911 totaque
934 1839 1232 1912 provincia
1299 1838 1515 1910 optime
1575 1839 1815 1897 meritus
1877 1843 2060 1911 esset,
2134 1855 2265 1899 sese

84 1931 253 2001 antea,
334 1944 467 1985 cum
531 1927 829 1985 audissent
898 1929 955 1986 ei
1020 1927 1313 1998 negotium
1376 1925 1741 2000 facessitum,
1829 1943 2070 1998 cumque
2135 1944 2266 1985 eum

84 2013 276 2084 publice
322 2032 429 2088 pro
488 2016 748 2088 plurimis
793 2016 918 2074 eius
971 2020 1031 2073 et
1086 2015 1350 2072 maximis
1395 2015 1618 2073 meritis
1670 2013 1908 2073 laudare
1964 2021 2263 2089 cuperent,

84 2117 103 2157 ι
142 2101 196 2162 C.
242 2104 427 2162 Verre
479 2104 795 2176 prohibitos
852 2119 1011 2161 esset
1085 2103 1344 2175 iniquum
1401 2119 1560 2176 esse,
1635 2103 1869 2160 tametsi
1924 2102 2264 2161 Peducaeus

84 2206 250 2249 eorum
288 2190 624 2250 laudatione
669 2192 784 2250 iam
823 2209 938 2250 non
984 2197 1275 2267 uteretur,
1336 2197 1532 2251 tamen
1583 2207 1697 2249 non
1753 2190 1814 2249 id
1853 2192 2012 2264 prius
2064 2192 2264 2249 decer-

84 2294 222 2354 nere,
289 2278 443 2353 quod
501 2280 809 2353 aliquando
869 2280 1210 2354 voluissent,
1285 2297 1454 2352 quam
1511 2279 1660 2352 quod
1718 2285 1838 2337 tum
1897 2284 2262 2352 cogerentur.

84 2364 426 2427 Conclamant
482 2385 680 2427 omnes
738 2373 797 2427 et
857 2367 1178 2440 adprobant
1237 2368 1324 2426 ita
1388 2367 1516 2426 fieri
1583 2374 1870 2440 oportere.
1950 2366 2266 2426 ‘Refertur
2287 2367 2408 2423 143

84 2452 131 2510 de
183 2456 505 2515 Peducaeo.
623 2456 704 2515 Ut
752 2457 995 2528 quisque
1054 2460 1251 2514 aetate
1309 2461 1372 2513 et
1429 2456 1645 2514 honore
1704 2453 2120 2529 antecedebat,
2181 2456 2265 2514 ita

84 2546 396 2602 sententiam
445 2544 589 2602 dixit
634 2562 706 2602 ex
751 2544 970 2602 ordine.
1069 2542 1138 2601 Id
1194 2542 1342 2601 adeo
1401 2560 1470 2602 ex
1525 2544 1654 2617 ipso
1716 2548 1953 2601 senatus
2007 2544 2264 2602 consulto

84 2635 408 2703 cognoscite:
465 2648 599 2690 nam
643 2633 966 2706 principum
1011 2631 1338 2690 sententiae
1397 2631 1683 2704 perscribi
1732 2632 1938 2690 solent.
2041 2630 2264 2689 Recita.

84 2715 240 2789 ‘Quod
283 2720 467 2778 verba
520 2719 678 2778 facta
722 2725 855 2778 sunt
910 2720 982 2777 de
1032 2719 1160 2777 Sex.
1205 2715 1554 2777 Peducaeo'.
1660 2718 1771 2776 Dic
1797 2712 1878 2800 ³),
1940 2718 2037 2790 qui
2093 2719 2264 2792 primi

84 2809 354 2869 suaserint.
428 2807 796 2866 Decernitur.
874 2806 1150 2866 Refertur
1193 2806 1404 2865 deinde
1452 2806 1524 2866 de
1569 2806 1779 2866 Verre.
1847 2805 1986 2880 Dic,
2032 2822 2263 2881 quaeSO,

84 2908 159 2963 luo
197 2897 385 2955 modo·
472 2895 663 2968 ‘Quod
709 2896 891 2954 verba
930 2896 1088 2954 facta
1134 2899 1269 2952 sunt
1314 2895 1387 2953 de
1431 2894 1492 2953 C.
1537 2894 1721 2953 Verre
1733 2890 1764 2953 '.
1868 2893 2016 2964 Quid
2058 2900 2264 2966 postea

84 2984 320 3057 scriptum
369 2988 495 3043 est?
600 2983 771 3041 ‘Cum
823 2988 1090 3057 surgeret
1143 2999 1311 3041 nemo
1368 2999 1558 3056 neque
1608 2982 1957 3041 sententiam
2013 2977 2264 3040 diceret'

84 3099 138 3109 ἢ
171 3074 310 3145 quid
357 3078 447 3131 est
491 3073 642 3130 hoc‘?
691 3105 771 3114 —-
835 3071 985 3130 ‘sors
1030 3067 1301 3129 ducitur'.
1414 3071 1596 3141 Quam
1661 3071 1734 3128 ob
1799 3073 1960 3129 rem?
2078 3069 2261 3128 Nemo

84 3164 174 3216 erat
217 3160 580 3219 voluntarius
624 3159 890 3218 laudator
941 3165 1255 3231 praeturae
1301 3164 1468 3233 tuae,
1529 3156 1800 3218 defensor
1840 3158 2261 3232 periculorum,

84 3250 389 3313 praesertim
446 3266 574 3306 cum
623 3248 772 3306 inire
832 3265 868 3305 a
921 3253 1195 3321 praetore
1253 3248 1500 3321 gratiam
1553 3250 1790 3320 posset?
1877 3246 2079 3304 Nemo.
2169 3246 2263 3304 Illi

84 3331 158 3401 ipsi
197 3338 282 3395 tui
326 3339 604 3395 convivae
622 3382 637 3411 ,
700 3336 1041 3409 consiliarii,
1100 3336 1342 3409 conscii,
1397 3336 1538 3395 socii
1591 3334 1832 3393 verbum
1887 3334 2086 3392 facere
2147 3351 2263 3393 non

183 3588 236 3652 1)
288 3587 378 3640 Sic
422 3586 585 3639 Halm
624 3587 787 3650 coni.;
836 3586 1000 3655 vulgo
1032 3590 1412 3653 posteaquam.
1626 3586 1680 3653 2)
1732 3585 1821 3639 Sic
1855 3586 2045 3649 Halm;
2097 3585 2263 3654 vulgo

84 3654 348 3719 referatwr5
386 3656 501 3710 cod.
539 3657 668 3724 Reg.
706 3657 1001 3723 referetar5
1043 3656 1209 3710 etiam
1247 3655 1395 3709 brevi
1431 3658 1556 3725 post
1593 3657 1723 3709 dett.
1761 3656 1913 3709 codd.
1954 3660 2011 3709 et
2047 3658 2137 3725 qui
2175 3673 2264 3710 eos

84 3730 340 3789 sequuntur
393 3732 612 3779 taceant
657 3727 915 3780 scribunt.
1093 3727 1148 3794 3)
1204 3725 1292 3779 Sic
1329 3723 1633 3791 Eberhard,
1685 3725 1778 3793 qui
1823 3729 1944 3793 post
1989 3726 2267 3779 suaserint

84 3789 199 3847 addit
247 3795 581 3849 NOMINA
635 3795 1116 3851 PRINCIPUM.
1178 3795 1313 3849 dicit
1375 3796 1557 3864 codd.‚
1627 3795 1768 3865 quod
1822 3796 2025 3850 retinet
2078 3796 2261 3865 Halm,

84 3869 351 3935 corruptum
386 3867 591 3922 iudicat
625 3867 822 3920 Miiller
833 3888 847 3931 3
894 3866 982 3921 dic
1017 3872 1067 3920 ct
1101 3866 1336 3921 Richter.
