2669 4354
32 222 43 319 J
1010 235 1369 277 PRAEFATIO·
2229 234 2277 277 v

26 378 35 437 f
44 404 322 484 priorem
380 405 695 466 rationem
765 424 896 467 non
966 410 1202 468 temere
1272 405 1499 468 abiecit
1559 406 1877 486 talemque
1944 404 2277 466 adornavit

46 509 368 571 variarum
429 509 776 572 lectionum
847 510 1278 573 collectionem
1294 559 1310 589 ‚
1383 530 1657 591 quarum
1683 504 1686 509 ’
1709 508 2157 572 dijudicatione
2215 513 2278 570 et

49 612 299 675 dicendi
358 614 865 696 enuntiandique
921 614 1186 677 facultas
1245 618 1589 697 augeretur
1642 618 1705 677 et
1749 613 2059 676 iudicium
2101 612 2276 674 miri-

47 716 161 780 fice
224 722 575 781 acueretur.
665 717 812 781 Tale
873 719 1208 782 consilium
1263 719 1454 781 etiam
1505 719 1689 799 mihi,
1753 718 1865 799 qui
1911 721 1984 780 ut
2021 717 2093 778 in
2137 716 2277 779 aliis

47 823 424 885 muneribus
482 824 574 884 ita
624 824 696 885 in
761 823 882 886 hoc
936 825 1187 906 negotio
1258 825 1458 886 amico
1535 823 1911 886 suavissimo
1983 823 2279 902 successi,

51 927 398 989 tenendum
443 932 612 1009 erat,
660 928 980 1009 simulque
1024 929 1236 990 omnia
1281 928 1564 991 subsidia
1605 926 1994 1008 usurpanda,
2043 925 2278 1007 quibus

52 1048 132 1091 ex
185 1031 297 1093 illo
344 1035 627 1113 tempore
676 1031 996 1095 Ciceronis
1053 1034 1370 1095 orationes
1409 1031 1778 1095 emandatae
1823 1036 1989 1103 sunt.
2080 1030 2277 1092 Acer—

53 1135 213 1196 rima
258 1139 470 1198 autem
511 1136 860 1218 viguerunt
905 1137 1023 1199 hac
1066 1144 1268 1199 aetate
1314 1137 1678 1199 criticorum
1724 1135 1933 1198 studia
1970 1139 2033 1197 et
2071 1134 2279 1197 tribus

52 1240 452 1320 potissimum
531 1241 687 1304 viris
774 1242 1126 1323 plurimum
1207 1240 1441 1304 debent
1541 1240 1949 1303 Ciceroniana
2030 1240 2279 1320 scripta,

55 1341 144 1405 Ιο.
201 1341 385 1423 Gasp.
438 1343 675 1407 Orellio
692 1396 705 1421 ,
756 1346 867 1426 qui
910 1365 1120 1428 nuper
1164 1351 1226 1409 et
1268 1347 1340 1408 in
1390 1344 1798 1408 Orationibus
1843 1344 2089 1408 selectis
2130 1342 2275 1435 XV.

57 1467 91 1508 a
132 1467 200 1510 se
245 1449 589 1532 recognitis
643 1454 704 1512 et
748 1451 1096 1513 emendatis
1142 1451 1384 1534 (Turici
1428 1445 2067 1531 MDCCCXXXVI.)
2111 1467 2280 1510 nova

56 1553 316 1632 protulit
359 1554 614 1616 criticae
659 1555 812 1618 artis
855 1554 1230 1618 factitandae
1276 1555 1559 1619 subsidia
1597 1571 1946 1635 eorumque
1975 1552 2277 1635 prudenti

56 1675 177 1719 usu
235 1658 514 1720 multum
567 1663 946 1721 consecutus
1002 1663 1125 1741 est,
1186 1665 1249 1722 et
1306 1661 1376 1721 in
1422 1660 1663 1740 aliquot
1707 1657 2078 1721 academicis
2124 1659 2276 1720 scri-

56 1759 376 1840 ptionibus
421 1762 824 1845 Roscianam,
888 1763 1240 1827 Sestianam
1312 1765 1595 1846 aliasque
1672 1763 1985 1825 orationes
2043 1763 2277 1825 criticis

59 1868 485 1931 notationibus
544 1868 856 1931 instruxit
909 1869 1332 1950 secundisque
1391 1869 1674 1931 tertiisve
1727 1867 1898 1929 curis
1941 1867 2279 1948 perpolivit

60 2007 140 2015 —
183 1971 276 2034 Io,
323 1971 593 2035 Nicolao
656 1971 1022 2053 Madvi9i0‚
1088 1974 1200 2054 qui
1255 1992 1403 2035 cum
1454 1974 1591 2054 ipse
1646 1972 1961 2034 orationes
2018 1969 2277 2033 selectas

62 2073 384 2138 duodecim
430 2076 628 2139 edidit
671 2074 997 2167 (Hauniae
1026 2075 1604 2160 MDCCCXXX.),
1649 2081 1789 2139 tum
1834 2075 1904 2136 in
1937 2072 2277 2157 Opusculis

63 2180 450 2244 Academicis
496 2186 560 2244 et
603 2182 673 2243 in
715 2183 824 2264 iis,
873 2201 1033 2264 quos
1077 2182 1377 2264 deinceps
1421 2182 1736 2265 vulgavit,
1788 2180 2017 2243 libellis
2059 2180 2277 2243 acade-

64 2284 237 2347 micis
294 2286 551 2348 doctum
611 2290 674 2349 et
715 2286 1186 2370 intellegentem
1232 2287 1605 2350 elocutionis
1652 2285 2097 2349 Ciceronianae
2142 2285 2277 2346 exi-

66 2388 439 2453 stimatorem
485 2409 555 2453 se
599 2391 912 2471 praestitit
944 2390 1294 2473 iudiciique
1327 2390 1740 2454 subtilitatem
1771 2409 1844 2452 ac
1874 2390 2277 2472 sagacitatem

63 2492 346 2557 omnibus
400 2493 555 2557 adeo
612 2494 1068 2577 comprobavit,
1123 2499 1197 2558 ut
1261 2496 1431 2557 inter
1493 2513 1775 2558 summos
1827 2494 2077 2556 criticos
2137 2493 2278 2555 iure

62 2599 403 2680 meritoque
470 2603 846 2662 numeretur
901 2635 988 2643 —-
1048 2598 1401 2663 Reinholdo
1472 2598 1747 2679 denique
1800 2597 1879 2661 K
1880 2596 2094 2674 lotarie,
2167 2598 2279 2679 qui

67 2704 171 2763 etsi
230 2703 489 2785 plurimi
541 2702 691 2765 facit
744 2704 1128 2785 optimorum
1193 2702 1505 2765 librorum
1562 2703 2023 2783 auctoritatem,
2090 2721 2278 2764 num-

68 2822 249 2884 quam
300 2812 513 2870 tamen
572 2808 813 2889 patitur
866 2808 1109 2891 ingenii
1154 2808 1255 2870 sui
1302 2807 1647 2870 sollertiam
1691 2805 1875 2869 obrui
1893 2857 1908 2888 ,
1966 2826 2093 2888 qua
2135 2805 2277 2887 plu-

66 2908 232 2973 rimis
279 2912 435 2974 ]ocis
491 2912 763 2994 aegrotis
821 2932 893 2974 ac
936 2931 1135 2994 paene
1197 2912 1544 2994 desperatis
1589 2909 1866 2973 remedia
1910 2910 2122 2973 attulit
2166 2909 2273 2972 ad-

66 3009 334 3096 feretque
377 3017 569 3078 etiam
612 3015 908 3097 pluribus
950 3017 1021 3077 in
1065 3017 1300 3079 maiore
1348 3016 1651 3096 editione,
1706 3014 1879 3077 unde
1923 3015 2278 3077 maximum

69 3112 340 3181 Ciceroni
399 3120 901 3183 emolumentum
957 3120 1238 3183 adlatum
1293 3121 1375 3182 iri
1420 3137 1639 3182 omnes
1685 3117 2028 3181 confidunt.
2127 3118 2280 3181 Illos

67 3223 200 3304 etsi,
244 3225 340 3286 uti
384 3244 502 3306 par
545 3228 695 3305 erat,
738 3226 1024 3287 omnium
1057 3223 1535 3307 diligentissime
1581 3222 1988 3285 adhibuimus
2030 3223 2101 3284 in
2131 3241 2279 3285 con-

67 3324 296 3411 silium,
355 3334 569 3391 tamen
632 3347 762 3390 non
821 3328 1362 3409 praetermisimus
1421 3347 1554 3411 eos,
1617 3329 1728 3409 qui
1796 3347 2103 3411 magnum
2148 3332 2280 3390 stu-

67 3427 233 3494 dium
287 3433 684 3513 multamque
735 3451 989 3513 operam
1044 3432 1115 3493 in
1169 3432 1454 3515 singulas
1498 3432 1812 3495 orationes
1856 3432 2282 3495 emendandas

67 3537 478 3619 contulerunt,
507 3535 1094 3620 Stuerenburyium,
1125 3539 1340 3600 virum
1370 3537 1820 3619 doctissimum,
1850 3537 1920 3598 in
1942 3537 2281 3618 Archiana,

71 3633 410 3703 soldanum
479 3643 548 3703 in
616 3642 1006 3704 orationibus
1069 3661 1183 3723 pro
1238 3641 1490 3724 Ligario
1552 3647 1614 3705 et
1667 3640 1963 3704 Deiotaro
2032 3640 2280 3721 habitiS,

71 3738 504 3808 Buechnermn
549 3748 618 3808 in
647 3745 987 3827 Rosciana,
1034 3745 1485 3809 Frotscherum
1514 3747 1797 3828 aliosque
1825 3745 2076 3825 multOS,
2125 3763 2280 3825 quo-

72 3863 198 3911 rum
243 3869 396 3912 cura
441 3869 761 3932 operaque
805 3851 1097 3913 effectum
1143 3855 1270 3928 est,
1317 3854 1391 3911 ut
1435 3850 1591 3913 haec
1639 3866 1892 3932 quoque
1923 3848 2282 3910 orationum
