2669 4354
901 245 1086 283 LIBER
1130 243 1416 292 QvAn·rvs·.
2140 228 2210 283 31
2231 227 2264 282 7

86 413 137 469 lis
178 422 232 472 et
277 414 543 473 turibulis
589 432 736 488 quae
789 417 1094 489 evellerat,
1138 417 1221 475 ita
1267 417 1413 474 scite
1461 418 1520 473 in
1562 417 1756 474 aureis
1800 417 2020 489 poculis
2059 418 2268 491 inliga-

85 501 187 576 bat,
243 505 327 561 ita
383 510 517 576 apte
570 505 632 560 in
687 504 937 577 scaphiis
983 505 1177 562 aureis
1231 504 1568 562 includebat
1588 498 1664 582 ¹),
1742 512 1805 562 ut
1862 520 1933 561 ea
1988 505 2080 577 ad,
2108 506 2267 564 illam

85 604 192 647 rem·
222 598 358 649 nata
398 608 524 649 esse
572 591 831 666 diceres:
878 593 1003 664 ipse
1051 598 1247 650 tamen
1273 586 1325 667 2)
1372 598 1634 665 praetor,
1681 593 1778 663 qui
1825 609 1929 650 sua
1967 593 2268 665 vigilantia

83 694 251 748 pacem
308 680 368 736 in
429 680 625 738 Sicilia
684 679 826 737 dicit
884 678 1094 748 fuisse,
1150 681 1210 736 in
1258 681 1368 738 hac
1424 678 1654 738 officina
1707 681 1984 738 maiorem
2038 688 2266 758 partem

84 764 171 824 diei
210 784 335 824 cum
380 768 578 825 tunica
623 769 781 839 pulla
828 767 1035 825 sedere
1084 768 1310 826 solebat
1359 776 1418 826 et
1460 768 1653 841 palli0.

223 856 386 912 Haec
432 871 567 928 eg0,
613 855 860 928 iudices,
907 871 1021 912 non
1068 855 1345 913 auderem
1390 854 1654 928 proferre
1674 900 1688 927 ,
1748 855 1806 911 ni
1853 871 2123 930 vererer,
2188 873 2263 914 ne
2282 852 2369 919 25

82 940 198 999 forte
240 944 413 1014 plura
457 942 531 1000 de
576 944 684 1001 isto
732 944 803 1001 ab
851 943 979 1001 aliis
1036 944 1096 999 in
1142 959 1406 1002 sermone
1454 959 1626 1015 quam
1693 959 1728 999 a
1782 959 1873 1000 me
1925 944 1986 1001 in
2054 945 2265 1001 iudicio
2286 946 2366 1005 55

81 1046 152 1086 vos
186 1031 412 1088 audisse
460 1030 751 1090 diceretis
860 1030 996 1100 Quis
1042 1031 1194 1088 enim
1243 1037 1363 1103 est,
1420 1032 1517 1103 qui
1564 1031 1636 1089 de
1696 1030 1805 1087 hac
1850 1030 2109 1104 officina,
2167 1034 2265 1104 qui

79 1116 131 1174 de
174 1119 319 1176 vasis
382 1120 608 1191 aureiS,
676 1119 773 1191 qui
834 1119 906 1176 de
967 1118 1133 1175 istius
1189 1118 1363 1190 pallio
1383 1112 1441 1197 3)
1503 1136 1617 1177 non
1677 1118 1964 1177 audierit?
1996 1172 2013 1187 „
2084 1121 2265 1192 Quem

79 1206 203 1263 voles
249 1223 283 1264 e
332 1213 618 1264 conventu
664 1206 1021 1279 Syracusano
1062 1206 1244 1263 virum
1284 1206 1497 1264 bonum
1542 1208 1862 1279 nominato:
1919 1208 2262 1280 producam:

79 1309 214 1350 nemo
258 1295 400 1367 erit,
463 1296 602 1366 quin
644 1296 754 1352 hoc
806 1310 869 1351 se
917 1294 1145 1352 audisse
1193 1300 1293 1351 aut
1339 1295 1550 1352 vidisse
1597 1295 1770 1352 dicat.
1885 1293 1932 1351 O
1979 1299 2360 1369 tempora,56

77 1397 100 1435 0
135 1384 339 1441 mores!
429 1382 588 1439 Nihil
633 1383 868 1439 nimium
911 1387 1075 1440 vetus
1118 1379 1425 1453 proferam.
1519 1382 1664 1440 Sunt
1708 1377 1962 1440 vestrum
2009 1384 2261 1456 aliquam

78 1470 235 1539 multi,
283 1471 381 1542 qui
423 1469 487 1526 L.
534 1470 804 1528 Pisonem
850 1469 1154 1540 cognorint
1178 1463 1257 1547 4),
1313 1471 1480 1528 huius
1521 1469 1586 1526 L.
1631 1469 1881 1542 PisoniS,
1945 1472 2044 1543 qui
2090 1489 2262 1543 prae-

78 1562 143 1612 tor
180 1558 314 1631 fuit,
370 1563 616 1630 patrem.
719 1558 819 1630 Ei,
880 1574 1005 1614 011111
1063 1563 1219 1615 esset
1261 1558 1321 1614 in
1368 1558 1652 1630 Hispania
1702 1564 1965 1629 praetor,
2026 1575 2138 1631 qua
2199 1562 2258 1617 in

11 1714 13 1716 Ψ
78 1647 340 1713 provincia
385 1646 605 1703 occisus
660 1651 777 1718 est,
837 1645 1034 1703 nescio
1095 1661 1206 1717 quo
1262 1653 1464 1718 pacto,
1525 1645 1656 1702 dum
1709 1645 1884 1702 armis
1941 1653 2259 1721 exercetur,

78 1733 249 1791 anulus
293 1751 534 1806 aureus,
581 1750 752 1805 quem
795 1732 1077 1806 habebat,
1124 1732 1343 1791 fractus
1391 1740 1450 1790 et
1487 1734 1866 1790 comminutus
1906 1740 2008 1792 est.
2118 1734 2260 1793 Cum

77 1821 221 1879 vellet
278 1822 389 1879 sibi
445 1823 681 1878 anulum
740 1820 963 1893 facere,
1012 1819 1306 1878 aurificem
1369 1821 1537 1879 iussit
1580 1821 1770 1878 vocari
1823 1822 1884 1877 in
1941 1819 2126 1879 forum
2187 1823 2261 1881 ad

77 1909 247 1967 sellam
290 1909 590 1968 Cordubae
646 1915 707 1966 et
724 1903 776 1987 ⁵)
833 1909 1023 1981 palam
1071 1909 1348 1980 adpendit
1392 1925 1622 1967 aurum:
1682 1909 1972 1966 hominem
2024 1910 2084 1967 in
2138 1910 2261 1968 foro
2314 1953 2320 1959 .

76 1996 211 2055 iubet
274 1998 478 2056 sellam
542 2014 758 2069 ponere
826 2003 886 2054 et
952 1994 1148 2054 facere
1217 1997 1450 2054 anulum
1519 1997 1777 2054 omnibus
1842 1999 2260 2069 praesentibus.

77 2082 297 2142 Nimium
341 2086 591 2143 fortasse
634 2085 789 2142 dicet
829 2084 1037 2157 aliquis
1082 2086 1232 2142 hunc
1275 2084 1630 2158 diligentem.
1721 2084 2018 2142 Hactenus
2063 2102 2262 2158 repre-

31 2215 32 2218 *
78 2171 290 2247 hendet,
355 2174 403 2232 si
458 2173 554 2245 qui
599 2173 778 2248 volet3
834 2173 976 2230 1111111
1022 2172 1280 2246 amplius,
1385 2172 1604 2231 Verum
1667 2170 1775 2230 fuit
1830 2173 1884 2230 ei
1941 2173 2260 2232 conceden-

80 2259 205 2332 dum:
267 2261 421 2319 filius
467 2263 619 2319 enim
672 2262 738 2319 L.
785 2260 1012 2319 Pisonis
1061 2268 1217 2333 erat,
1278 2262 1404 2318 eius
1446 2261 1543 2333 qui
1594 2261 1811 2334 primus
1873 2261 1945 2318 de
2005 2264 2264 2334 pecuniis

79 2350 383 2420 repetundis
431 2350 622 2422 legem
667 2350 820 2407 tulit.
910 2348 1232 2406 Ridiculum
1282 2355 1371 2406 est
1410 2367 1500 2407 me
1544 2365 1696 2406 nunc
1728 2350 1800 2406 de
1833 2349 2016 2407 Verre
2049 2350 2263 2424 dicere,
2285 2356 2364 2413 57

80 2452 179 2493 cum
231 2438 304 2496 de
350 2437 563 2495 Pisone
617 2438 800 2508 Frugi
862 2436 1136 2493 dixerim:
1198 2454 1398 2494 verum
1457 2444 1649 2495 tamen
1707 2443 1983 2509 quantum
2035 2439 2267 2497 intersit

79 2523 258 2583 videte.
379 2527 498 2584 Iste
560 2542 684 2582 cum
745 2525 967 2596 aliquot
1022 2525 1332 2581 abacorum
1391 2525 1615 2582 faceret
1668 2542 1806 2582 vasa
1867 2542 2075 2600 aurea,
2152 2545 2264 2585 non

79 2611 365 2687 laboravit,
443 2614 578 2685 quid
633 2630 748 2670 non
809 2612 976 2670 modo
1040 2613 1099 2669 in
1147 2611 1370 2685 Sicilia,
1445 2629 1641 2670 verum
1699 2614 1872 2670 etiam
1932 2612 2154 2672 Romae
2204 2616 2265 2672 in
2327 2609 2334 2616 ’

78 2699 256 2758 iudicio
326 2702 582 2759 audiret:
650 2702 751 2758 ille
817 2703 874 2757 in
943 2701 1070 2757 auri
1133 2701 1430 2757 semuncia
1486 2706 1668 2757 totam
1723 2700 2062 2773 Hispaniam
2116 2702 2265 2759 scire

77 2788 257 2862 voluit,
318 2790 474 2848 unde
542 2790 801 2860 praetori
865 2788 1069 2846 anulus
1131 2785 1313 2845 fieret.
1430 2787 1716 2844 Nimirum
1784 2794 1846 2845 ut
1902 2788 1995 2845 hic
2057 2805 2267 2848 nomen

76 2892 213 2933 suum
256 2877 678 2950 comprobavit,
719 2877 804 2933 sic
851 2876 947 2934 ille
1003 2892 1334 2949 cognomen.

223 2965 395 3022 Nullo
441 2965 609 3022 modo
654 2981 885 3037 possum
934 2967 1126 3020 omnia
1171 2964 1336 3021 istius
1380 2963 1534 3021 facta
1596 2969 1694 3020 aut
1748 2963 2025 3020 memoria
2068 2980 2267 3023 conse·
2285 2964 2373 3030 26

75 3052 152 3120 qui
196 3059 292 3110 aut
352 3053 617 3111 oratione
679 3052 1011 3124 complecti:
1085 3068 1305 3125 genera
1361 3053 1487 3123 ipsa
1548 3052 1713 3123 cupio
1773 3051 2031 3109 breviter
2092 3053 2267 3110 attin-

74 3156 217 3213 gere,
287 3147 351 3198 ut
397 3142 495 3198 hic
540 3140 707 3197 modo
766 3156 858 3196 mo
906 3140 1254 3197 commonuit
1295 3139 1522 3197 Pisonis
1581 3140 1808 3212 anulus,
1878 3140 2028 3212 quod
2082 3146 2266 3198 totum

76 3224 372 3286 effluxerat.
465 3228 648 3300 Quam
713 3229 906 3285 multis
967 3228 1138 3285 istum
1197 3228 1414 3299 putatis
1482 3227 1803 3285 hominibus
1870 3227 2129 3285 honestis
2193 3228 2265 3286 de

75 3312 246 3385 digitis
303 3317 507 3374 anulos
564 3316 910 3374 abstulisse?
1008 3315 1330 3387 Numquam
1388 3315 1697 3388 dubitavit,
1755 3315 2268 3388 quotienscumque

215 3567 265 3632 1)
318 3564 406 3618 Sic
445 3563 721 3623 Lambin.;
772 3566 827 3616 in
877 3564 1028 3617 codd.
1073 3568 1156 3617 est
1200 3563 1566 3618 concludebat.
1640 3563 1914 3617 Eberhard
1963 3565 2276 3634 inliyabant

78 3664 129 3672 —
170 3635 520 3688 includebant
568 3651 666 3687 scr.
916 3635 970 3700 2)
1011 3634 1230 3686 interim
1263 3633 1555 3687 Eberhard.
1765 3636 1819 3700 3)
1866 3635 1930 3687 In
1971 3639 2081 3703 opt.
2123 3638 2273 3692 codd.

76 3703 298 3758 additum
344 3710 426 3759 est
473 3705 653 3772 pullo,
704 3705 847 3773 quod
884 3705 1081 3759 delevit
1119 3704 1328 3773 Zumpt.
1538 3706 1593 3771 4)
1635 3704 1722 3758 Sic
1757 3705 1946 3770 Klotz;
1985 3707 2098 3759 cod.
2139 3709 2272 3774 Reg.

73 3776 261 3840 uomit,
314 3775 489 3829 Guelf.
532 3780 805 3843 qnorunt3
863 3776 1023 3844 vulgo
1070 3781 1449 3843 coynoverzmt.
1645 3777 1701 3841 5)
1755 3780 1803 3827 et
1840 3776 1892 3827 ei
1929 3777 2082 3832 codd.
2121 3777 2273 3842 dett„

80 3859 165 3900 rec.
200 3846 421 3913 Kayser.
