2669 4354
438 225 565 287 '228
1433 243 1652 285 omino

439 419 608 478 nibus
649 418 1120 491 commendabar,
1179 433 1407 490 nonne,
1468 419 1518 474 si
1579 434 1766 475 meam
1826 418 2004 475 vitam
2060 416 2460 490 deseruissem,
2505 432 2607 474 rem
2651 407 2652 410 '

436 507 727 580 publicam
767 506 1181 579 prodidissem?
1234 507 1296 562 in
1340 523 1456 578 qua
1481 498 1529 584 1)
1577 506 1810 578 quidem
1853 522 2009 563 1111110
2052 521 2146 562 me
2192 506 2452 564 restituto
2490 505 2606 561 vivit
2651 513 2652 530 ¹

437 612 661 653 mecum
705 595 873 652 simul
919 594 1247 667 exemplum
1289 583 1425 651 fidei
1468 593 1755 666 publicae.
1838 593 1999 663 Quod
2045 594 2096 650 si
2138 594 2455 651 immortale
2495 593 2609 649 reti-
2651 603 2652 660 ξ

437 689 635 756 netur,
680 684 806 755 quis
846 699 964 739 non
1007 682 1299 754 intellegit
1341 682 1728 739 immortalem
1771 680 1923 738 hanc
1970 681 2264 739 civitatem
2308 681 2572 738 futuram?
2651 669 2652 716 ³

327 774 418 841 23
613 771 763 828 Nam
809 775 1053 829 externa
1096 769 1252 827 bella
1296 786 1526 842 regum,
1583 769 1873 842 gentium,
1934 769 2231 826 nationum
2269 770 2384 827 iam
2424 768 2610 840 pridem
2651 767 2652 792 ³

336 868 413 926 51
438 860 522 916 ita
567 858 852 915 exstincta
909 862 1074 927 sunt,
1127 862 1194 913 ut
1236 857 1539 929 praeclare
1587 872 1716 913 cum
1762 857 1847 914 eis
1896 872 2166 929 agamuS,
2228 874 2371 930 quos
2414 861 2610 928 pacatos
2651 923 2652 934 χ

441 962 569 1005 esse
609 947 916 1019 patiamur.
1003 944 1271 1017 Denique
1319 961 1392 1002 ex
1436 943 1646 1001 bellica
1691 944 1934 1001 victoria
1976 960 2092 1001 non
2136 944 2263 1003 fere
2310 960 2611 1018 quemquam
2651 973 2652 1014 3

441 1039 529 1092 est
595 1034 815 1091 invidia
889 1033 1096 1090 civium
1169 1027 1511 1090 consecuta:
1587 1032 1936 1089 domesticis
1985 1032 2153 1089 malis
2219 1038 2281 1089 et
2351 1029 2652 1090 audacium'

439 1123 647 1180 civium
690 1121 944 1179 consiliis
1001 1136 1178 1192 saepe
1225 1126 1316 1177 est
1371 1120 1762 1177 resistendum
1820 1120 2139 1191 horumque
2162 1114 2216 1198 2)
2266 1120 2615 1193 periculorum

440 1213 529 1267 est
581 1210 643 1267 in
699 1227 766 1268 re
826 1208 1059 1281 publica
1110 1207 1420 1266 retinenda
1474 1208 1790 1281 medicina3
1865 1224 2034 1281 quam
2089 1225 2348 1281 omnem,
2413 1208 2615 1278 iudiceS,

436 1296 860 1370 perdidissetiS,
920 1297 970 1352 si
1014 1311 1143 1353 meo
1190 1296 1432 1353 interitu
1479 1297 1710 1353 senatui
1753 1296 2075 1368 populoque
2119 1295 2381 1355 Romano
2438 1295 2617 1353 doloris

436 1386 526 1442 sui
565 1384 639 1442 de
689 1400 782 1442 me
828 1383 1162 1442 declarandi
1208 1388 1468 1456 potestas
1514 1388 1669 1441 esset
1710 1389 1930 1456 erepta.
2039 1384 2230 1454 Quare
2280 1400 2486 1442 moneo
2523 1398 2615 1450 VOS,

438 1473 869 1546 adulescentes,
925 1477 1099 1543 atque
1144 1471 1253 1528 hoc
1310 1487 1440 1528 meo
1482 1470 1609 1528 iure
1669 1472 1965 1544 praecipio
1986 1467 2038 1550 3)
2054 1516 2069 1545 ,
2130 1474 2230 1544 qui
2293 1472 2616 1544 dignitatem,

438 1562 536 1633 qui
583 1577 708 1619 rem
751 1558 1070 1633 publicam,
1126 1560 1223 1631 qui
1283 1559 1525 1631 gloriam
1578 1561 1883 1634 spectatiS,
1944 1575 2047 1635 ne,
2112 1562 2161 1617 si
2206 1577 2360 1632 quae
2405 1576 2500 1617 vos
2538 1558 2616 1615 ali·

434 1648 662 1721 quando
701 1648 1018 1705 necessitas
1062 1647 1137 1705 ad
1180 1663 1305 1704 rem
1349 1647 1639 1719 publicam
1686 1653 1889 1705 contra
1927 1649 2216 1720 improbos
2256 1650 2418 1706 cives
2452 1644 2615 1705 defen·

435 1736 687 1794 dendam
729 1735 994 1809 vocabit,
1061 1736 1358 1807 segniores
1414 1735 1538 1791 sitis
1604 1740 1665 1791 et
1685 1728 1739 1814 4)
1796 1736 2201 1793 recordatione
2244 1737 2366 1795 mei
2413 1752 2559 1793 casus
2593 1748 2618 1787 a

335 1838 414 1897 52
436 1825 688 1883 consiliis
733 1823 979 1882 fortibus
1020 1822 1340 1895 refugiatis.
1431 1822 1686 1879 Primum
1724 1839 1838 1880 non
1881 1829 1971 1882 est
2009 1824 2364 1898 periculum,
2407 1841 2481 1881 ne
2522 1822 2617 1894 quis

436 1928 704 1985 umquam
747 1910 968 1969 incidat
1022 1910 1084 1968 in
1137 1910 1416 1968 eiusmodi
1461 1912 1757 1983 consuleS,
1816 1912 2160 1984 praesertim
2205 1913 2253 1969 si
2298 1913 2416 1970 erit
2456 1912 2522 1969 iis
2557 1909 2616 1980 id,

434 2001 590 2073 quod
652 1999 926 2073 debetur,
991 1999 1370 2072 persolutum.
1483 1998 1712 2056 Deinde
1771 2016 2084 2072 numquam
2128 2001 2273 2074 iam,
2341 2005 2411 2057 ut
2464 2013 2614 2071 spere,

434 2090 731 2162 quisquam
794 2087 1089 2160 improbus
1150 2087 1388 2145 consilio
1450 2090 1512 2142 et
1569 2086 1786 2143 auxilio
1846 2087 2125 2145 bonorum
2184 2104 2247 2145 se
2315 2100 2615 2161 oppugnare

435 2194 562 2236 rem
620 2164 908 2249 publicam
953 2176 1111 2234 dicet
1154 2174 1265 2232 illis
1311 2173 1668 2249 tacentibus,
1724 2191 1837 2232 nec
1882 2176 2088 2234 armati
2128 2177 2425 2235 exercitus
2467 2183 2615 2233 terro·

437 2281 562 2323 rem
621 2269 875 2338 opponet
915 2264 1154 2337 togatis3
1215 2280 1404 2335 neque
1466 2263 1578 2319 erit
1620 2263 1776 2321 iusta
1819 2280 1996 2321 causa
2051 2264 2126 2322 ad
2167 2270 2375 2337 portas
2428 2260 2615 2322 sedenti

437 2353 810 2426 imperatori,
861 2369 1039 2424 quare
1085 2368 1249 2408 suum
1293 2357 1576 2409 terrorem
1636 2350 1779 2408 falso
1822 2351 2034 2410 iactari
2082 2354 2415 2426 opponique
2468 2351 2615 2424 patia-

437 2447 550 2498 tur.
641 2441 964 2513 Numquam
1008 2439 1259 2511 denique
1278 2433 1331 2519 5)
1377 2441 1491 2496 erit
1534 2429 1654 2496 tam
1698 2455 2004 2512 oppressus
2049 2446 2288 2499 senatus
2306 2487 2323 2514 ,
2371 2447 2436 2500 ut
2479 2440 2527 2497 ei
2560 2452 2614 2494 ne

440 2528 797 2602 supplicandi
839 2528 1069 2600 quidem
1113 2545 1183 2584 ac
1228 2527 1466 2600 lugendi
1510 2528 1586 2585 sit
1629 2532 1911 2601 potestas,
1968 2533 2087 2586 tam
2131 2533 2341 2601 captus
2389 2532 2617 2602 equester

440 2617 611 2691 ordo,
654 2621 719 2674 ut
757 2617 980 2688 equites
1008 2615 1253 2673 Romani
1300 2632 1337 2673 a
1383 2616 1616 2674 consule
1660 2617 2013 2688 relegentur.
2102 2616 2265 2686 Quae
2302 2635 2432 2676 cum
2462 2614 2616 2674 omnia

441 2710 615 2777 atque
663 2705 839 2762 etiam
885 2704 1060 2762 multo
1123 2704 1239 2761 alia
1294 2705 1517 2762 maiora
1531 2747 1544 2774 ,
1600 2719 1749 2776 quae
1795 2707 2053 2762 consulto
2105 2710 2448 2779 praetere0,
2499 2701 2619 2762 acci·

441 2792 686 2866 dissent,
733 2791 942 2849 videtis
982 2808 1074 2849 me
1116 2796 1312 2849 tamen
1358 2793 1413 2848 in
1461 2808 1651 2849 meam
1694 2792 1994 2863 pristinam
2026 2793 2375 2865 dignitatem
2415 2792 2562 2852 brevi
2580 2781 2617 2865 ⁶)

440 2888 704 2954 tempore
752 2879 968 2939 doloris
1012 2880 1319 2937 interiecto
1366 2880 1453 2937 rei
1497 2879 1764 2952 publicae
1808 2896 1950 2939 voce
1995 2896 2122 2938 esse
2167 2887 2516 2941 revocatum.

330 2976 425 3044 24
617 2968 758 3042 Sed,
803 2973 868 3025 ut
909 2972 1174 3025 revertar
1214 2966 1290 3024 ad
1330 2967 1504 3040 illud,
1550 2967 1703 3039 quod
1745 2968 1880 3025 mihi
1928 2968 1992 3025 in
2033 2968 2142 3025 hac
2187 2972 2348 3028 omni
2394 2975 2483 3028 est
2520 2982 2618 3025 ora·

340 3071 422 3128 53
441 3059 601 3116 tione
661 3056 1042 3130 propositum,
1131 3055 1392 3113 omnibus
1462 3056 1630 3113 malis
1691 3055 1792 3113 illo
1856 3072 2008 3114 anno
2066 3058 2290 3116 scelere
2361 3057 2619 3116 consulum

442 3162 567 3203 rem
611 3144 900 3218 publicam
956 3160 1084 3201 esse
1142 3141 1497 3217 confectam,
1556 3142 1806 3215 primum
1860 3144 1959 3201 illo
2003 3145 2128 3217 ipso
2176 3145 2307 3220 die,
2370 3147 2470 3218 qui
2508 3140 2618 3202 mihi

302 3254 341 3261 -
438 3233 702 3291 funestus
753 3232 893 3306 fuit,
954 3231 1215 3289 omnibus
1264 3232 1431 3289 bonis
1486 3232 1799 3307 luctuosuS,
1861 3249 1991 3289 cum
2034 3249 2143 3305 ego
2187 3251 2280 3291 me
2332 3252 2367 3293 e
2389 3228 2441 3314 ⁷)
2497 3247 2619 3290 com·

434 3322 606 3394 plexu
669 3321 897 3394 patriae
965 3325 1389 3392 conspectuque
1454 3324 1649 3378 vestro
1710 3321 2052 3392 eripuissem
2121 3326 2181 3378 et
2245 3329 2408 3380 metu
2471 3316 2619 3379 vestri

572 3574 625 3639 1)
671 3571 761 3624 Sic
796 3570 1075 3624 Ernestius
1115 3528 1277 3634 coni,
1338 3568 1491 3623 codd.
1528 3587 1591 3622 m
1617 3585 1739 3637 quo.
1919 3571 1975 3638 2)
2015 3569 2315 3638 horumque
2351 3566 2614 3628 Eberhard,
2651 3550 2652 3559 ἵ

431 3658 719 3779 mfflfff
742 3658 814 3764 ἐξ
816 3641 983 3775 Ἓοε,
1053 3642 1108 3707 3)
1135 3656 1440 3774 1025ng
1475 3641 1592 3764 ξὲἓ
1614 3641 1753 3765 αῗὲῗ
1780 3641 1925 3709 ‘³³⁰³
1945 3639 2616 3792 ὅῖθὲᾆᾶῖεῗὲἲέῃῗθζῗὲἓ

430 3715 599 3847 {mimz
639 3782 779 3852 quod
817 3781 1054 3835 defendit
1092 3781 1346 3848 Seyffert3
1394 3782 1599 3834 Manut.
1639 3782 1831 3848 etiam3
1878 3781 2046 3836 Orelli
2081 3783 2213 3838 iam.
2426 3784 2477 3852 6)
2515 3780 2615 3833 Par

432 3854 638 3908 brevita
675 3859 921 3920 tempore.
1055 3854 1108 3918 7)
1147 3851 1314 3905 Codd.
1351 3853 1799 3921 praepositionem
1838 3868 1943 3907 om.
