2669 4354
836 1012 1445 1088 ORATIO

1075 1163 1203 1204 PRO

394 1278 1254 1384 sExro'i'zoscio
1329 1295 1898 1378 AMERINO.

509 1609 1225 1674 ARGVMENTVM
1280 1607 1774 1670 ERNESTII.

47 1764 95 1815 L.
129 1765 347 1817 Cornelio
385 1763 534 1815 Sulla
568 1763 758 1813 iterum
796 1759 857 1824 Q.
898 1759 1116 1813 Caecilio
1155 1758 1363 1811 Metello
1392 1756 1571 1811 OOSS.
1614 1759 1682 1823 (a.
1716 1756 1787 1809 80
1822 1773 1870 1809 a.
1898 1757 2017 1810 Chr.
2054 1774 2104 1808 n.
2145 1757 2250 1809 674

106 1838 213 1902 post
262 1836 440 1887 urbem
504 1832 784 1895 conditam)
842 1829 1063 1882 Erucius
1118 1828 1229 1882 Sex,
1282 1829 1529 1881 Roscium
1576 1828 1883 1895 municipem
1932 1827 2249 1891 Amerinum,

107 1904 315 1972 equitem
338 1905 404 1957 R.
441 1901 715 1973 parricidii
754 1917 892 1952 reum
921 1899 1058 1968 apud
1094 1899 1166 1951 M.
1192 1898 1443 1951 Fannium
1482 1899 1823 1966 quaesitorem
1861 1898 1997 1949 inter
2021 1897 2247 1962 sicarios,

108 1975 138 2024 i.
172 1992 212 2026 e.
245 1992 361 2027 eum
397 1976 715 2043 praetorem,
753 1971 838 2022 cui
873 1971 969 2022 hoc
1008 1969 1237 2021 delatum
1272 1972 1415 2033 erat,
1454 1973 1515 2021 ut
1553 1985 1610 2020 eo
1647 1984 1802 2031 ann0,
1854 1969 1898 2019 si
1947 1968 2061 2036 quis
2110 1970 2247 2020 tam-

108 2059 249 2110 quam
294 2045 514 2097 sicarius
561 2040 867 2105 deferretur,
923 2041 985 2092 de
1040 2056 1101 2091 ea
1143 2057 1196 2091 re
1232 2041 1580 2106 quaestionem
1617 2038 1833 2090 haberet
1880 2040 1935 2089 et
1978 2036 2246 2102 iudicaret,

109 2112 219 2166 fecit
251 2132 469 2184 eumque
493 2114 573 2165 ita
620 2111 888 2164 accusavit
901 2152 914 2177 ,
964 2113 1027 2162 ut
1061 2109 1258 2161 diceret
1303 2126 1513 2163 causam
1561 2110 1607 2160 ei
1650 2107 1887 2160 maleficii
1938 2108 2249 2176 suscipiendi

110 2183 276 2247 fuisse,
327 2187 552 2254 primum
596 2182 768 2235 odium
816 2183 1006 2251 patris,
1063 2183 1154 2247 qui
1202 2183 1258 2231 et
1304 2181 1369 2232 ab
1414 2197 1526 2233 sese
1569 2180 1715 2232 illum
1761 2179 2063 2231 amandarat
2108 2183 2161 2232 et
2194 2181 2248 2232 in

113 2256 303 2321 praedia
338 2257 539 2307 rustica
576 2253 833 2320 relegarat
847 2294 859 2316 ,
913 2269 1074 2320 neque
1119 2267 1362 2317 umquam
1398 2251 1533 2303 domi
1570 2267 1692 2302 suae
1736 2250 2010 2303 habuerat:
2062 2253 2117 2301 et
2152 2252 2246 2302 hoc

115 2326 341 2393 amplius,
392 2323 695 2377 exheredare
731 2322 878 2374 illurn
912 2323 967 2373 in
1005 2322 1172 2373 animo
1203 2321 1474 2373 habuerat.
1547 2321 1617 2374 M.
1657 2319 1857 2372 Tullius
1903 2338 2093 2373 annum
2129 2325 2245 2374 tum

114 2409 256 2459 agens
303 2397 491 2447 aetatis
541 2394 819 2461 septimum
866 2395 921 2444 et
966 2392 1263 2443 vicesimum
1306 2393 1374 2457 (v.
1414 2389 1542 2444 Gell.
1579 2390 1648 2443 N.
1685 2389 1749 2441 A.
1787 2391 1907 2457 XV,
1959 2393 2065 2457 28.)
2112 2394 2246 2446 Ros-

115 2465 238 2516 cium
280 2466 379 2517 hac
423 2465 652 2517 oratione
697 2462 940 2516 defendit.
1015 2462 1078 2514 In
1123 2478 1226 2530 qua
1272 2461 1400 2513 haec
1447 2460 1549 2513 fere
1594 2461 1768 2529 capita
1815 2463 2103 2531 complexus
2151 2467 2246 2516 est.

115 2533 329 2587 Primum
366 2536 639 2587 abhorrere
675 2550 706 2584 a
738 2534 872 2585 tanti
923 2532 1125 2584 sceleris
1173 2532 1448 2584 atrocitate
1492 2533 1654 2583 vitam
1690 2532 1801 2588 Sex.
1839 2533 2016 2585 Roscii
2060 2535 2245 2586 hones-

117 2603 302 2656 tissime
341 2609 495 2674 atque
518 2604 844 2670 integerrime
870 2606 1217 2667 transactam3
1256 2603 1395 2670 patri
1420 2605 1594 2653 autem
1614 2618 1823 2654 causam
1848 2603 2045 2655 nullam
2070 2603 2245 2670 fuisse,

118 2689 199 2724 cur
228 2692 351 2727 eum·
374 2676 488 2727 odio
524 2675 737 2726 haberet
773 2676 927 2741 atque
963 2672 1265 2724 exheredare
1301 2672 1468 2723 vellet.
1543 2671 1688 2735 Quod
1713 2689 1824 2724 vero
1849 2690 1963 2725 eum
1991 2675 2064 2726 rei
2088 2676 2245 2728 rusti-

117 2759 198 2794 cae
236 2747 626 2814 praeposuerat,
680 2744 735 2796 id
783 2760 881 2796 non
915 2743 1066 2795 modo
1101 2760 1201 2795 non
1237 2742 1344 2794 odii
1389 2758 1450 2794 ac
1498 2741 1881 2796 malevolentiae
1896 2785 1907 2805 ,
1955 2744 2044 2796 sed
2086 2746 2246 2797 etiam

120 2816 289 2866 amoris
324 2820 376 2867 et
410 2814 787 2868 benevolentiae
819 2817 1065 2882 paternae
1102 2813 1362 2879 singulare
1399 2813 1750 2865 testimonium
1772 2812 1953 2867 fuisse.
2027 2814 2249 2868 Incredi-

121 2882 212 2935 bile
245 2902 377 2947 esse,
414 2887 511 2938 hoc
549 2885 742 2936 crimen
778 2886 833 2936 in
867 2900 1173 2952 quemquam
1209 2884 1439 2935 humana
1475 2883 1641 2950 specie
1678 2899 1736 2934 ac
1763 2882 1933 2950 figura
1957 2885 2247 2952 praeditum

122 2953 283 3005 cadere
319 2958 567 3023 potuisse,
605 2955 707 3007 nisi
742 2957 851 3006 tam
889 2971 1010 3005 uam
1046 2970 1131 3018 ea,
1173 2971 1301 3021 quae
1336 2953 1496 3004 oculis
1522 2956 1826 3017 cernuntur,
1874 2971 2111 3023 expressa
2138 2972 2246 3008 sce-

121 3021 227 3075 leris
249 3027 464 3092 vestigia
499 3027 778 3077 exstarent.
895 3023 1175 3076 acultatcm
1202 3023 1422 3092 denique
1457 3021 1752 3091 perficiendi
1787 3024 2025 3077 maleficii
2047 3026 2247 3078 nullam

123 3091 291 3146 Roscio
311 3093 494 3163 fuisse,
520 3097 610 3164 qui
645 3112 807 3163 neque
832 3095 1027 3147 Romae
1054 3097 1180 3146 tunc
1204 3093 1418 3154 fuisset,
1457 3110 1574 3145 cum
1599 3093 1783 3145 caedes
1809 3092 1952 3146 facta
1979 3095 2248 3159 diceretur,

124 3177 272 3230 neque
305 3165 462 3219 ullum
497 3166 714 3217 liberum
754 3165 1009 3217 hominem
1046 3168 1251 3230 nosset,
1302 3181 1393 3233 per
1427 3180 1577 3232 quem
1611 3165 1878 3230 negotium
1915 3167 2247 3233 transigeret:

127 3246 279 3285 servos
316 3251 425 3288 vero
459 3237 635 3305 ipsum
672 3236 830 3287 etiam
867 3236 921 3286 in
959 3237 1308 3303 quaestionem
1345 3234 1630 3302 postulare,
1681 3251 1796 3286 cum
1814 3275 1826 3298 ,
1874 3236 1912 3287 ii
1946 3253 2009 3288 ne
2045 3236 2253 3298 dentur,

126 3300 385 3379 adversarii
418 3322 720 3373 magnopere
756 3309 1006 3358 recusent.
1080 3304 1308 3357 Secundo
1344 3304 1450 3356 loco
1484 3305 1563 3356 ita
1586 3320 1730 3356 reum
1754 3308 1946 3374 purgat
1958 3308 1990 3364 ‚²
2010 3309 2072 3358 ut
2094 3309 2251 3360 etiam

126 3386 173 3420 m
204 3371 258 3423 T.
294 3373 532 3428 Roscium
570 3375 857 3444 quendam,
907 3378 1237 3442 cognomento
1274 3375 1552 3441 Magnum,
1590 3376 1783 3427 crimen
1829 3376 2080 3439 conferat,
2118 3378 2253 3446 quod

127 3443 176 3490 et
209 3445 393 3497 veteres
428 3449 482 3498 et
517 3447 770 3514 capitales
804 3445 1105 3498 inimicitias
1140 3462 1256 3497 cum
1282 3444 1427 3497 Sexti
1449 3448 1596 3513 patre
1633 3448 1938 3508 exercuerit,
1978 3450 2033 3499 et
2055 3448 2253 3501 Romae

127 3511 241 3562 tunc
272 3512 435 3579 fuerit,
486 3531 604 3567 cum
639 3516 724 3568 ifle
748 3518 947 3568 occisus
984 3515 1212 3579 dicatur3
1262 3519 1410 3567 vetus
1447 3518 1708 3584 praeterea
1733 3517 1948 3570 sicarius
1986 3521 2040 3570 et
2083 3519 2255 3587 gladi-

129 3581 233 3632 ator
271 3584 339 3635 sit
369 3601 424 3638 ac
463 3602 613 3654 saepe
650 3586 705 3638 in
743 3585 899 3638 caede
939 3588 1192 3639 versatus.
1263 3585 1463 3638 Deinde
1499 3586 1556 3638 L.
1593 3585 2005 3656 Chrysogonum,
2044 3589 2102 3641 L.
2142 3590 2256 3643 Sul-

129 3648 220 3730 lae·
235 3650 466 3707 libertum
502 3659 557 3707 et
592 3657 731 3725 apud
765 3656 980 3708 eundem
1017 3656 1454 3721 gratiosissimum
1469 3697 1480 3718 ,
1521 3657 1775 3709 interfecti
1801 3659 1931 3710 bona
1956 3661 2105 3728 quasi
2137 3677 2252 3728 pro-

129 3723 300 3799 scripti
335 3726 596 3789 coemisse,
652 3727 938 3795 possidere,
990 3729 1194 3794 partem
1228 3742 1344 3778 cum
1389 3725 1446 3778 T.
1485 3727 1668 3779 Roscio
1723 3730 2146 3781 communica-sse:
2201 3733 2255 3781 et

129 3805 243 3855 qula
277 3809 405 3847 nunc
430 3796 577 3849 Sexti
610 3797 826 3849 huiusce
852 3798 1016 3848 vitam
1040 3799 1251 3864 uterque
1288 3797 1390 3848 sibi
1429 3797 1495 3848 ad
1531 3814 1592 3849 ea
1628 3798 1759 3849 bona
1795 3798 2011 3850 fruenda
2046 3800 2254 3851 obstare

131 3861 274 3927 atque
319 3863 509 3918 officere
556 3868 851 3934 intellegat,
908 3866 1154 3919 Erucium
1169 3908 1181 3932 ‚
1241 3870 1587 3920 accusatorem
1635 3871 1854 3921 veterem
1898 3868 2254 3929 exercitatum,

148 3959 231 4002 Cic,
261 3962 390 4006 Oratt.
421 3967 526 4009 Sell.
1781 3967 1810 4019 1
