2669 4354
430 237 466 292 6
1425 250 1641 289 οΒΑΤΙο

368 422 411 486 6
607 426 737 485 Sex.
786 425 1058 499 RosciuS,
1109 430 1278 498 pater
1322 425 1593 497 huiusce,
1639 424 1936 495 municeps
1978 424 2286 482 Amerinus
2331 425 2466 497 fuit,
2527 442 2618 482 cun·

330 514 409 573 15
429 531 646 589 genere
694 518 756 571 et
801 514 1104 572 nobilitate
1167 519 1228 570 et
1271 515 1517 584 pecunia
1563 529 1679 569 non
1719 512 1885 570 modo
1931 512 2021 568 sui
2067 513 2391 585 municipii,
2450 529 2619 571 verun:

430 603 606 660 etiam
667 602 794 659 eius
855 602 1169 658 vicinitatis
1229 599 1404 658 facile
1453 600 1705 672 primuS,
1761 604 1884 656 tum
1929 601 2121 671 gratia
2165 606 2339 671 atque
2387 601 2619 673 hospitiis

428 689 641 748 florens
707 690 1000 747 hominum
1060 689 1560 746 nobilissimorum.
1649 687 1795 743 Nam
1843 704 1970 743 cum
2015 687 2306 756 Metellis,
2372 687 2618 745 Serviliis,

430 777 793 849 Scipionibus
855 782 985 835 erat
1039 778 1095 833 ei
1142 793 1257 834 non
1302 777 1471 834 modo
1515 775 1859 848 hospitium,
1915 792 2118 833 verum
2158 777 2335 833 etiam
2379 775 2621 834 domesti-

431 882 532 923 cus
578 881 714 922 usus
762 869 823 923 et
867 865 1248 936 consuetude,
1293 881 1468 936 quaS,
1516 870 1581 920 ut
1624 878 1871 934 aequum
1916 867 2035 936 est,
2080 861 2330 921 familias
2374 864 2621 921 honesta-

429 954 505 1010 tis
581 952 1088 1024 amplitudinisque
1165 952 1355 1025 gratia
1428 952 1678 1008 nomino,
1789 951 1993 1022 Itaque
2063 967 2135 1007 ex
2201 951 2320 1009 suis
2389 951 2621 1009 omnibus

430 1040 741 1098 commodis
797 1041 908 1098 hoc
967 1040 1149 1096 solum
1205 1038 1324 1096 filio
1370 1040 1632 1110 reliquit:
1695 1053 1830 1094 nam
1885 1039 2293 1108 patrimonium
2350 1038 2621 1096 domestici

429 1129 756 1200 praedones
820 1128 875 1185 vi
942 1133 1205 1198 ereptum
1272 1127 1597 1200 possident,
1666 1125 1819 1183 fama
1886 1131 1947 1182 et
2006 1127 2128 1183 vita
2185 1127 2519 1184 innocentis
2573 1125 2620 1182 ab

330 1217 407 1273 16
429 1215 748 1288 hospitibus
805 1215 1118 1286 amicisque
1178 1216 1438 1288 paternis
1499 1212 1847 1271 defenditur.
1950 1214 2061 1271 Hic
2119 1231 2246 1271 cum
2303 1216 2462 1272 omni
2508 1220 2622 1272 tem·

428 1320 569 1376 pore
628 1302 949 1360 nobilitatis
1006 1300 1200 1360 fautor
1242 1300 1473 1372 fuisset,
1541 1307 1660 1358 tum
1721 1302 1828 1357 hoc
1875 1303 2119 1358 tumultu
2166 1302 2423 1373 proximo
2447 1347 2462 1376 ,
2526 1318 2621 1359 cum

429 1391 684 1448 omnium
727 1389 1008 1447 nobilium
1053 1389 1306 1459 dignitas
1355 1395 1415 1447 et
1461 1391 1614 1447 salus
1647 1389 1709 1445 in
1756 1388 2066 1446 discrimen
2110 1390 2367 1463 veniret,
2412 1396 2621 1462 praeter

430 1484 660 1536 ceteros
718 1478 780 1535 in
839 1495 911 1536 ea
966 1478 1263 1535 vicinitate
1322 1494 1449 1535 eam
1507 1481 1733 1549 partem
1780 1492 2124 1548 causamque
2170 1493 2383 1550 opera,
2445 1478 2620 1546 studio.

430 1566 775 1623 auctoritate
819 1564 1094 1624 defendit.
1186 1565 1420 1622 Etenim
1449 1571 1673 1622 rectum
1702 1564 1946 1634 putabat
1974 1581 2081 1636 pro
2114 1581 2314 1622 eorum
2343 1566 2619 1622 honestate

429 1671 492 1711 se
553 1669 810 1725 pugnare
831 1699 846 1726 ,
901 1659 1138 1726 propter
1193 1669 1331 1724 quos
1395 1652 1548 1724 ipse‘
1582 1651 2017 1709 honestissimus
2077 1653 2231 1709 inter
2276 1669 2408 1710 suos
2455 1669 2619 1710 nume

429 1741 688 1799 rabatur.
777 1741 1162 1812 Posteaquam
1219 1741 1464 1797 victoria
1511 1740 1823 1797 constituta
1870 1744 1959 1796 est
2004 1738 2076 1796 ab
2124 1740 2414 1811 armisque
2462 1755 2620 1799 reces-

429 1829 605 1886 simus
634 1822 712 1907 ¹),
779 1845 908 1886 cum
978 1827 1485 1901 proscriberentur
1543 1826 1802 1883 homines
1857 1831 2032 1898 atque
2096 1845 2166 1884 ex
2211 1829 2368 1885 omni
2413 1830 2618 1902 regione

430 1921 782 1989 caperentur
823 1917 892 1989 ii,
954 1917 1054 1987 qui
1093 1915 1412 1973 adversarii
1456 1912 1633 1972 fuisse
1678 1914 2057 1988 putabantur,
2120 1920 2246 1972 erat
2290 1916 2392 1973 ille
2433 1917 2620 1974 Romae

430 2004 702 2075 frequens
769 2009 942 2076 atque
1011 2003 1073 2059 in
1141 2002 1264 2060 foro
1326 2007 1387 2058 et
1443 2002 1505 2058 in
1562 2018 1662 2059 ore
1719 2002 1969 2059 omnium
2029 2002 2243 2059 cotidie
2293 2005 2622 2065 versabatur,

431 2091 614 2162 magis
682 2095 746 2147 ut
809 2091 1100 2148 exsultare
1154 2090 1399 2147 victoria
1457 2089 1773 2146 nobilitatis
1833 2089 2132 2146 videretur
2193 2106 2366 2161 quam
2427 2094 2621 2158 timere,

430 2197 504 2237 ne
552 2177 688 2250 quid
731 2196 802 2236 ex
850 2195 922 2236 ea
965 2177 1309 2235 calamitatis
1358 2176 1466 2235 sibi
1509 2176 1819 2235 accideret.

333 2266 410 2321 17
606 2266 791 2323 Erant
847 2266 911 2323 'ei
975 2272 1204 2323 veteres
1250 2265 1588 2322 inimicitiae
1636 2282 1764 2321 cum
1811 2265 2028 2323 duobus
2073 2265 2298 2323 Rosciis
2341 2264 2619 2331 Amerinis

429 2370 670 2425 quorum
723 2353 969 2410 alterum
1015 2353 1220 2412 sedere
1263 2354 1324 2409 in
1371 2359 1769 2410 accusatorum
1814 2353 2105 2411 subselliis
2147 2353 2342 2427 vide0,
2406 2356 2619 2412 alterum

431 2442 544 2497 tria
602 2434 850 2498 'huiusce
918 2440 1160 2513 praedia
1220 2439 1515 2511 possidere
1576 2440 1778 2514 audio,
1843 2456 1984 2512 quas
2041 2441 2374 2499 inimicitias
2438 2444 2487 2499 si
2532 2447 2618 2497 tam

430 2543 638 2585 cavere
697 2528 1005 2601 potuisset,
1067 2544 1237 2598 quam
1292 2533 1554 2585 metuere
1610 2528 1866 2600 solebat,
1929 2528 2184 2586 viveret:
2240 2546 2434 2602 neque
2480 2530 2618 2594 enim,

428 2615 679 2689 iudiceS,
725 2616 942 2674 iniuria
986 2614 1299 2672 metuebat.
1376 2615 1524 2672 Nam
1572 2614 1682 2672 duo
1727 2614 1826 2671 isti
1871 2620 2006 2673 sunt
2042 2615 2106 2677 Τ.
2137 2616 2360 2690 Roscii,
2408 2629 2616 2690 quorum

428 2704 601 2761 alteri
648 2703 915 2775 Capitoni
962 2711 1278 2776 cognomen
1323 2708 1440 2775 est,
1502 2703 1642 2774 iste,
1702 2702 1802 2773 qui
1843 2702 2034 2776 adest,
2095 2704 2346 2776 Magnus
2393 2709 2616 2764 vocatur,

424 2791 686 2849 homines
760 2791 884 2848 eius
950 2790 1102 2848 modi
1125 2782 1208 2867 ²):
1291 2791 1443 2847 alter
1518 2790 1894 2862 plurimarum
1970 2792 2290 2862 palmarum
2351 2800 2519 2850 vetus
2575 2803 2616 2845 ae

426 2879 637 2936 nobilis
684 2878 968 2952 gladiator
1026 2877 1304 2949 habetur,
1367 2878 1461 2934 hic
1505 2883 1699 2934 autem
1745 2894 1928 2949 nuper
1973 2895 2036 2935 se
2077 2879 2152 2936 ad
2200 2897 2329 2936 eum
2374 2880 2616 2937 lanistam

426 2968 668 3024 contulit
728 2971 788 3022 et
811 2959 896 3044 ³),
962 2966 1061 3037 qui
1120 2969 1254 3021 ante
1312 2965 1463 3022 hanc
1519 2981 1774 3036 pugnam
1831 2965 1946 3022 tiro
2003 2971 2184 3038 esset,
2254 2969 2406 3038 quod
2454 2967 2616 3029 sciam,

367 3045 596 3112 7facile
642 3054 828 3126 ipsum
873 3054 1212 3125 magistrum
1258 3054 1480 3109 scelere
1524 3051 1879 3122 audaciaque
1924 3055 2234 3126 superavit.
2324 3055 2473 3112 Nam
2520 3065 2616 3109 cum

325 3140 404 3196 18
424 3141 518 3197 hic
547 3142 678 3201 Sex.
710 3140 954 3197 Roscius
996 3145 1153 3198 esset
1186 3139 1455 3196 Ameriae
1478 3184 1492 3212 ,
1539 3138 1705 3196 Titus
1751 3144 1945 3196 autem
1990 3141 2101 3197 iste
2133 3140 2374 3199 Roscius
2405 3142 2617 3200 Romae

425 3246 551 3285 cum
613 3228 707 3285 hic
753 3226 904 3284 filius
928 3224 980 3305 ⁴)
1035 3226 1308 3285 adsiduus
1354 3227 1415 3283 in
1462 3226 1717 3299 praediis
1760 3234 1916 3284 esset
1960 3244 2204 3298 cumque
2248 3246 2310 3286 se
2350 3230 2616 3287 voluntate

364 3391 369 3396 ι
421 3316 607 3388 patris
645 3317 737 3373 rei
782 3315 1054 3385 familiari
1111 3315 1382 3386 vitaeque
1426 3314 1677 3371 rusticae
1720 3314 2001 3388 dedisset,
2048 3316 2174 3388 ipse
2193 3309 2246 3394 5)
2291 3322 2488 3374 autem
2530 3314 2616 3370 fre·

421 3419 604 3476 quens
646 3403 865 3460 Romae
937 3407 1118 3475 esset,
1188 3401 1469 3459 occiditur
1524 3401 1600 3458 ad
1656 3400 1896 3459 balneas
1942 3402 2268 3460 Pallacinas
2329 3406 2559 3463 rediens
2594 3412 2616 3451 a

422 3508 566 3549 cena
608 3489 736 3548 Sex.
782 3490 1037 3548 Roscius,
1130 3490 1312 3562 Spero
1373 3505 1445 3545 ex
1505 3490 1615 3545 hoc
1673 3488 1801 3559 ipso
1847 3505 1960 3546 non
2006 3507 2135 3547 esse
2177 3490 2514 3564 obscurum,
2565 3482 2615 3543 ad

596 3711 648 3776 1)
686 3722 948 3760 recessum
1002 3705 1183 3758 Halm.
1364 3705 1418 3771 2)
1472 3704 1562 3756 Sic
1600 3704 1775 3771 codd.,
1815 3705 1980 3758 huius
2018 3706 2162 3759 modi
2197 3706 2385 3773 Reisig
2424 3710 2479 3761 et
2516 3700 2614 3757 edit.

417 3780 659 3848 plerique
671 3803 683 3846 ;
721 3781 780 3831 at
816 3776 920 3828 vid.
948 3775 1170 3842 Madvig
1205 3773 1271 3826 de
1307 3776 1401 3827 fin,
1441 3792 1493 3843 p.
1525 3775 1642 3828 500.
1855 3775 1909 3841 3)
1951 3781 2000 3828 et
2036 3776 2155 3829 add.
2192 3775 2442 3843 Madvig3
2481 3772 2615 3828 Halm

415 3850 622 3918 quique.
837 3847 893 3913 4)
930 3846 1083 3911 filius
1118 3844 1342 3896 inclusit
1374 3845 1557 3897 Halm.
1771 3843 1825 3909 5)
1866 3844 1976 3906 ipse
2011 3846 2314 3912 Eberhard,
2353 3847 2455 3900 iste
2489 3838 2614 3898 codd-
