2669 4354
919 286 1031 324 PRO
1076 286 1126 324 P.
1173 285 1392 325 sns'mo.
2137 271 2260 326 223

97 456 154 512 M.
195 456 455 524 CraSSUS‚
503 474 749 529 quocum
794 458 931 515 mihi
981 475 1182 516 omnes
1231 464 1401 517 erant
1446 458 1736 517 amicitiae
1781 460 2263 532 necessitudineS,

96 545 159 601 vir
194 543 561 618 fortissimus,
611 545 683 603 ab
731 545 934 604 eadem
981 548 1083 604 illa
1127 553 1295 619 peste
1340 546 1746 605 infestissimus
1792 563 1919 605 esse
1964 549 2111 605 meis
2146 547 2262 606 for-

95 633 215 690 tunis
270 632 732 705 praedicabatur.
824 634 885 692 C.
948 634 1196 708 Caesar,
1259 636 1360 707 qui
1420 651 1455 692 a
1514 651 1606 693 me
1662 635 1822 693 nullo
1880 652 2009 694 meo
2055 637 2261 693 merito

95 720 282 778 alienus
323 738 449 779 esse
501 721 754 779 debebat
780 715 851 802 ¹),
896 723 1321 781 inimicissimus
1363 738 1492 781 esse
1537 740 1703 781 meae
1748 723 1920 780 saluti
1950 723 2024 780 ab
2057 723 2261 782 eodem

94 809 355 869 cotidianis
427 810 788 869 contionibus
852 811 1174 869 dicebatur.
1264 811 1372 869 His
1440 827 1504 868 se
1575 812 1759 869 tribus
1813 812 2147 870 auctoribus
2199 813 2262 868 in
2281 813 2366 886 40

18 885 23 896 '
92 898 304 955 consiliis
349 897 682 971 capiendis,
729 899 1088 957 adiutoribus
1132 900 1194 956 in
1236 916 1303 956 re
1347 899 1606 972 gerenda
1652 916 1780 957 esse
1826 917 2061 957 usurum
2105 899 2262 958 dice—

91 983 188 1057 bat;
230 1001 299 1042 ex
342 985 550 1058 quibus
596 1004 771 1044 unum
817 987 1035 1046 habere
1084 987 1403 1046 exercitum
1449 987 1510 1044 in
1539 987 1712 1046 Italia
1756 988 2083 1061 maximum,
2130 988 2261 1060 duc,

88 1073 161 1144 qui
200 1074 407 1145 privati
454 1078 576 1131 tum
625 1081 851 1148 essent,
899 1081 961 1132 et
1004 1080 1238 1148 praesto
1287 1091 1415 1134 esse
1439 1068 1493 1153 ²)
1542 1081 1602 1133 et
1645 1091 1884 1148 parare,
1931 1076 1980 1132 si
2023 1076 2262 1148 vellent,

88 1163 367 1220 exercitum
411 1178 579 1234 posse
626 1163 801 1235 idque
841 1162 1098 1222 facturos
1143 1179 1274 1221 esse
1309 1164 1557 1221 dicebat.
1631 1163 1757 1221 Nec
1787 1164 1926 1221 mihi
1972 1164 2070 1221 ille
2115 1163 2264 1221 iudi-

20 1241 33 1342 }
88 1248 205 1306 cium
260 1251 456 1323 populi
507 1266 617 1308 nec
673 1253 996 1324 legitimam
1042 1252 1294 1324 aliquam
1342 1252 1769 1310 contentionem
1813 1268 1922 1310 nec
1967 1251 2262 1324 discepta-

86 1337 267 1395 tionem
310 1343 416 1396 aut
461 1354 672 1396 causae
717 1339 1058 1414 dictionem,
1121 1338 1223 1398 sed
1268 1341 1415 1413 vim,
1480 1355 1672 1414 arma,
1729 1340 2042 1414 exercituS,
2081 1341 2263 1413 impe-

22 1353 33 1496 ῗ
85 1430 304 1496 ratoreS,
355 1432 549 1485 castra
591 1427 987 1488 denuntiabat.

20 1509 33 1582 Ι
226 1515 370 1585 Quid
417 1517 600 1586 ergo?
661 1515 881 1573 inimici
941 1514 1126 1573 oratio
1144 1558 1158 1587 ,
1215 1531 1367 1572 vana
1421 1516 1797 1587 praesertim,
1838 1520 1955 1573 tam
2000 1516 2260 1588 improbe
2279 1508 2366 1574 18

20 1607 33 1664 t
84 1602 127 1657 in
180 1603 520 1661 clarissimos
587 1604 738 1661 viros
804 1604 1069 1661 coniecta
1137 1617 1229 1659 me
1289 1603 1509 1660 movit?
1595 1603 1696 1660 Me
1752 1619 1892 1661 vero
1947 1620 2062 1662 non
2106 1604 2262 1662 illius

20 1669 33 1776 f
83 1691 265 1764 oratic,
313 1691 419 1749 sed
465 1708 663 1749 eorum
706 1692 1075 1749 taciturnitas
1094 1735 1108 1764 ,
1167 1691 1228 1746 in
1274 1707 1417 1762 quos
1460 1691 1564 1748 illa
1606 1692 1792 1749 oratio
1838 1695 1954 1748 tam
2001 1692 2263 1764 improba

19 1777 29 1870 Ι
85 1777 493 1851 conferebatur3
562 1781 660 1852 qui
723 1784 844 1837 tum
865 1824 879 1853 ,
946 1793 1290 1852 quamquam
1367 1779 1439 1836 ob
1498 1779 1643 1837 alias
1704 1795 1909 1837 causas
1969 1779 2260 1853 tacebant,

20 1873 29 1942 ξ
83 1870 241 1924 tamen
288 1867 616 1926 hominibus
662 1869 856 1926 omnia
902 1866 1240 1924 timentibus
1287 1866 1534 1924 tacendo
1580 1867 1765 1941 loqui,
1809 1884 1925 1925 non
1964 1865 2263 1925 infitiando

18 1943 31 2084 1
82 1953 310 2013 confiteri
370 1955 735 2014 videbantur.
826 1956 916 2013 Illi
972 1960 1166 2012 autem
1213 1955 1407 2025 aliquo
1452 1960 1573 2012 tum
1598 1947 1651 2034 ³)
1695 1956 1900 2013 timore
1945 1956 2263 2028 perterriti,

81 2043 202 2111 quod
264 2050 402 2101 acta
469 2043 573 2100 illa
636 2048 807 2115 atque
859 2060 1057 2102 omnes
1114 2059 1209 2099 res
1274 2043 1411 2099 anni
1471 2043 1783 2114 superioris
1845 2041 2184 2102 labefactari
2230 2060 2265 2101 a

16 2091 23 2179 Ξ
80 2132 415 2200 praetoribus
438 2176 454 2204 ,
499 2128 778 2189 infirmari
824 2148 860 2190 a
905 2136 1112 2190 senatu
1154 2136 1328 2204 atque
1361 2147 1399 2207 a
1428 2131 1786 2205 principibus
1818 2131 2067 2191 civitatis
2098 2138 2265 2205 puta-

14 2266 21 2273 ,
81 2214 280 2298 bant4),
329 2221 628 2278 tribunum
673 2220 1013 2293 popularem
1069 2236 1103 2277 a
1151 2236 1214 2277 se
1260 2219 1523 2277 alienare
1556 2221 1848 2293 nolebant,
1894 2237 2114 2293 suaque
2154 2221 2264 2278 sibi

14 2308 19 2345 ’-
82 2309 323 2380 propiora
385 2324 514 2366 esse
568 2309 832 2380 pericula
890 2323 1060 2380 quam
1121 2324 1252 2365 mea
1311 2307 1711 2379 loquebantur.
1802 2308 1917 2367 Sed
1962 2314 2157 2366 tamen
2203 2306 2365 2366 et41

11 2370 21 2463 i
83 2392 288 2455 Crassus
349 2413 385 2454 a
450 2395 783 2453 consulibus
838 2412 1028 2453 meam
1091 2411 1324 2453 causam
1387 2396 1811 2469 suscipiendam
1858 2413 1986 2454 esse
2033 2395 2266 2454 dicebat

83 2486 125 2537 et
158 2500 352 2542 eorum
397 2481 569 2542 fidem
614 2484 922 2556 Pompeius
962 2479 1313 2555 implorabat
1358 2499 1550 2556 neque
1598 2502 1659 2542 se
1705 2485 1991 2557 privatum
2032 2485 2265 2556 publice

81 2579 359 2645 susceptae
408 2588 620 2630 causae
661 2571 992 2629 defuturum
1037 2588 1165 2629 esse
1213 2571 1474 2630 dicebat:
1522 2587 1690 2643 quem
1734 2573 1917 2630 virum
1952 2571 2268 2630 studiosum

80 2660 192 2732 mei,
242 2659 679 2733 cupidissimum
737 2661 827 2717 rei
882 2659 1150 2731 publicae
1198 2659 1656 2734 conservandae,
1710 2659 1859 2717 domi
1907 2677 2072 2718 meae
2120 2660 2267 2717 certi

80 2744 317 2807 homines
364 2749 439 2805 ad
491 2764 620 2805 eam
665 2765 789 2806 rem
834 2748 1007 2820 positi
1029 2741 1083 2826 ⁵)
1128 2752 1492 2821 monuerunt,
1530 2753 1595 2805 ut
1640 2753 1795 2806 esset
1827 2749 2066 2822 cautior,
2112 2748 2268 2806 eius-

78 2850 164 2904 que
214 2837 373 2894 vitae
433 2852 469 2893 a
520 2851 616 2892 me
673 2835 914 2892 insidias
969 2834 1120 2907 apud
1182 2852 1274 2893 me
1337 2835 1488 2892 domi
1547 2836 1760 2908 positas
1807 2853 1933 2894 esse
1979 2835 2263 2893 dixerunt.

77 2922 240 2995 Atque
303 2925 457 2981 hanc
503 2924 631 2981 eius
674 2923 1056 2994 suspicionem
1102 2924 1200 2980 alii
1236 2923 1449 2982 litteris
1495 2923 1825 2997 mittendiS,
1884 2924 1984 2982 alii
2030 2924 2264 2995 nuntiis,

77 3009 157 3067 alii
200 3029 394 3070 coram
442 3013 554 3084 ipsi
602 3011 1017 3084 excitaverunt,
1062 3016 1127 3068 ut
1165 3012 1286 3084 ille,
1336 3028 1465 3069 cum
1511 3027 1547 3068 a
1585 3028 1677 3070 me
1724 3017 1884 3071 certe
1924 3011 2068 3068 nihil
2097 3012 2265 3069 time·
2349 2999 2365 3011 ’

75 3105 183 3171 ret,
238 3102 312 3159 ab
360 3100 508 3167 illis,
561 3116 635 3157 ne
696 3100 834 3171 quid
891 3116 1019 3156 meo
1083 3101 1311 3156 nomine
1368 3100 1736 3172 molirentur,
1794 3100 1903 3157 sibi
1950 3099 2266 3157 cavendum

75 3192 293 3254 putaret.
388 3187 522 3260 Ipse
569 3193 763 3244 autem
798 3186 1032 3261 Caesar,
1080 3204 1249 3259 quem
1295 3188 1543 3245 maxime
1588 3189 1852 3246 homines
1898 3188 2085 3260 ignari
2115 3188 2267 3245 veri-

75 3275 187 3332 tatis
256 3276 399 3333 mihi
464 3292 590 3332 essc
664 3275 876 3333 iratum
934 3275 1246 3349 putabant,
1323 3281 1452 3335 erat
1511 3276 1586 3334 ad
1645 3281 1875 3349 portaS‚
1954 3281 2082 3334 erat
2137 3292 2265 3333 cum

196 3556 245 3621 1)
285 3552 604 3606 credebatur
657 3551 837 3605 Halm.
1052 3551 1105 3617 2)
1147 3551 1235 3605 Sic
1288 3552 1377 3605 Fr.
1434 3552 1489 3607 C.
1540 3550 1747 3617 Wolff.;
1803 3552 1955 3608 codd.
1997 3569 2270 3620 praeesse,

77 3623 198 3688 quod
234 3627 458 3678 tuentur
493 3623 642 3675 Bake
658 3664 670 3687 ,
718 3622 906 3684 Halm;
953 3621 1034 3673 rei
1060 3622 1317 3689 publicae
1351 3638 1608 3690 praeesse
1644 3624 1883 3691 Madvig.
1921 3639 2178 3691 praeesse
2215 3628 2271 3678 et

79 3708 176 3746 unc.
224 3695 351 3748 incl.
398 3694 642 3756 Ernesti,
685 3691 981 3744 Eberhard.
1215 3693 1269 3760 3)
1308 3691 1397 3745 Sic
1443 3692 1619 3758 codd.;
1671 3694 1767 3746 alii
1814 3712 1875 3747 ex
1923 3694 2082 3747 Bakii
2132 3695 2268 3749 coni.

78 3762 167 3815 alio
218 3771 347 3818 tet-m.
598 3764 655 3830 4)
703 3763 852 3816 Haec
914 3761 1091 3815 omnia
1142 3761 1290 3827 quod
1345 3767 1473 3816 acta
1511 3795 1578 3803 —
1608 3763 1890 3830 putabamt
1942 3766 2094 3818 uncis
2145 3766 2266 3819 incl.

76 3832 203 3888 Bake
240 3840 296 3888 et
329 3834 554 3903 Kayser.
764 3835 818 3900 5)
856 3831 1006 3885 domi
1042 3848 1184 3885 meae
1219 3834 1439 3887 Ernesti
1475 3834 1628 3899 incl.;
1679 3834 1754 3887 ad
1799 3852 1918 3888 eam
1955 3851 2070 3888 rem
2099 3835 2270 3902 positi

77 3901 200 3958 Bake
236 3906 389 3960 uncis
424 3904 575 3971 incl.;
613 3905 830 3973 utrique
868 3902 1203 3971 obtemperat
1238 3903 1466 3972 Kayser.
