2669 4354
895 281 1076 320 LIBER
1115 280 1400 329 QVARTVS.
2131 264 2254 323 325

71 450 308 525 vidisset,
381 454 546 525 quasi
614 453 717 510 illa
778 454 906 525 ipsa
933 446 981 531 ¹)
1055 453 1186 510 face
1243 469 1552 526 percussus
1621 458 1798 524 esset,
1871 454 1956 510 ita
2010 451 2258 527 flagrare

72 539 360 611 cupiditate
438 547 612 613 atque
687 542 944 599 amentia
1011 541 1216 612 coepit.
1336 541 1589 612 Imperat
1657 541 2117 614 magistratibus,
2193 549 2261 599 ut

72 643 170 684 eam
211 627 604 686 demoliantur
650 634 710 685 et
752 629 862 686 sibi
926 628 1098 701 dent3
1146 628 1286 685 nihil
1349 628 1459 685 sibi
1517 628 1737 701 gratius
1793 628 2047 686 ostendit
2102 627 2260 687 futu-

72 731 182 772 rum.
277 716 369 772 Illi
425 732 563 773 vero
609 716 805 774 dicere
864 716 974 773 sibi
1035 715 1093 772 id
1147 715 1311 773 nefas
1368 732 1495 773 esse
1553 731 1798 787 seseque
1852 733 1983 773 cum
2037 733 2260 774 summa

72 803 354 877 religione,
421 811 544 861 tum
587 821 807 861 summo
856 810 1017 861 metu
1073 804 1269 875 legum
1315 810 1376 861 et
1419 803 1761 861 iudiciorum
1807 805 2014 862 teneri.
2054 801 2061 807 ’
2138 805 2257 862 Iste

73 895 164 948 tum
229 897 437 964 petere
496 892 567 950 ab
632 891 747 949 illis
770 888 817 964 ²)
838 936 852 964 ,
925 896 1050 948 tum
1100 892 1334 963 minari,
1411 896 1536 948 tum
1600 908 1788 964 spem,
1859 896 1980 948 tum
2040 898 2259 950 metum

71 979 368 1037 ostendere.
457 978 841 1052 Opponebant
878 978 964 1035 illi
1010 995 1220 1036 nomen
1257 978 1554 1038 interdum
1600 979 1662 1036 P.
1685 978 1962 1053 Africani,
2002 973 2257 1058 populiss)

71 1063 289 1124 Romani
344 1066 490 1124 illud
546 1083 673 1125 esse
730 1068 1028 1138 dicebant,
1099 1067 1241 1123 nihil
1290 1083 1354 1123 se
1410 1067 1471 1123 in
1528 1083 1598 1125 eo
1653 1068 1956 1139 potestatis
2020 1068 2258 1141 habere,

70 1156 190 1224 quod
265 1155 580 1226 imperator
647 1155 1000 1212 clarissimus
1066 1153 1211 1212 urbe
1278 1154 1528 1212 hostium
1596 1160 1766 1228 capta
1823 1161 2259 1214 monumentum

71 1243 317 1301 u‘ctoriae
361 1243 557 1314 populi
600 1242 844 1300 Romani
894 1259 1022 1300 esse
1071 1242 1363 1300 voluisset.
1461 1241 1605 1300 Cum
1660 1243 1770 1300 iste
1828 1243 2004 1300 nihilo
2057 1244 2258 1302 remis·
2280 1248 2359 1306 76

69 1330 160 1386 sius
196 1337 375 1402 atque
425 1332 601 1388 etiam
646 1332 826 1388 multo
870 1330 1273 1388 vehementius
1329 1331 1576 1387 instaret
1619 1329 1861 1403 cotidie,
1925 1348 2019 1388 res
2064 1333 2260 1405 agitur

70 1416 114 1473 in
151 1424 386 1490 senatu3
438 1418 814 1476 vehementer
853 1419 925 1475 ab
971 1417 1235 1475 omnibus
1276 1419 1663 1490 reclamatur,
1715 1419 1915 1489 itaque
1960 1419 2059 1475 illo
2112 1424 2260 1477 tem-

71 1520 178 1574 pore
223 1522 294 1563 ac
336 1506 524 1579 primo
569 1507 737 1563 istius
778 1507 1029 1564 adventu
1073 1510 1444 1578 pernegatur.
1552 1505 1763 1563 Postea
1806 1504 2086 1578 quidquid
2131 1511 2259 1564 erat

72 1595 233 1651 oneris
276 1595 336 1650 in
386 1594 578 1651 nautis
623 1593 1052 1666 remigibusque
1087 1592 1413 1667 exigendis,
1461 1594 1520 1650 in
1566 1591 1856 1650 frumento
1899 1593 2256 1667 imperandO,

72 1680 379 1753 Segestanis
410 1686 648 1754 praeter
680 1687 905 1740 ceteros
937 1681 1288 1754 imponebat,
1320 1681 1615 1752 aliquanto
1640 1681 1886 1753 amplius
1904 1697 2078 1752 quam
2101 1680 2257 1738 ferre

72 1774 294 1838 possent.
385 1770 707 1827 Praeterea
753 1770 1122 1842 magistratus
1151 1785 1350 1826 eorum
1396 1769 1693 1841 evocabat,
1741 1767 2017 1841 optimum
2062 1785 2259 1840 quem-

73 1873 159 1926 que
204 1863 264 1915 et
309 1857 736 1925 nobilissimum,
764 1858 839 1915 ad
885 1874 946 1914 se
994 1855 1355 1928 arcessebat,
1419 1857 1635 1913 circum
1681 1856 1873 1913 omnia
1916 1857 2256 1929 provinciae

72 1942 172 2002 fora
223 1946 519 2021 rapiebat,
580 1946 914 2017 singillatim
959 1945 1058 2001 uni
1106 1944 1311 2015 cuique
1368 1945 1679 2001 calamitati
1738 1941 1861 2001 fore
1915 1959 1976 2001 se
2039 1943 2259 2001 denun-

73 2031 252 2105 tiabat,
309 2033 592 2090 universis
652 2049 715 2090 se
779 2033 1034 2091 funditus
1091 2048 1422 2089 eversurum
1485 2048 1613 2089 esse
1638 2024 1688 2109 ⁴)
1741 2032 1899 2088 illam
1965 2031 2258 2089 civitatem

72 2120 390 2179 minabatur.
491 2119 696 2193 Itaque
744 2120 1053 2194 aliquando
1100 2120 1294 2176 multis
1341 2120 1507 2176 malis
1553 2135 1874 2194 magnoque
1926 2124 2084 2176 metu
2122 2120 2258 2176 victi

77 2206 353 2280 Segestani
399 2209 686 2280 praetoris
733 2210 977 2283 imperio
1024 2207 1344 2281 parendum
1392 2225 1518 2266 esse
1565 2209 1967 2267 decreverunt.
2045 2208 2260 2281 Magno

75 2311 175 2353 cum
240 2299 403 2354 luctu
465 2302 525 2354 et
580 2298 798 2368 gemitu
850 2299 1031 2354 totius
1093 2296 1373 2369 civitatiS,
1454 2297 1646 2354 multis
1698 2313 1826 2353 cum
1883 2296 2135 2354 lacrimis
2203 2300 2261 2353 et

74 2383 554 2442 lamentationibus
591 2384 842 2442 virorum
882 2386 1301 2455 mulierumque
1343 2384 1592 2441 omnium
1635 2385 2005 2442 simulacrum
2034 2383 2260 2441 Dianae

76 2472 362 2530 tollendum
404 2474 645 2529 locatur.

221 2560 428 2617 Videte
479 2566 695 2631 quanta
746 2558 951 2631 religio
993 2558 1196 2616 fuerit:
1258 2557 1413 2630 apud
1474 2559 1823 2630 Segestanos
1842 2551 1896 2637 ⁶)
1962 2557 2368 2631 repertum35

78 2661 207 2720 esse,
274 2647 522 2719 iudiceS,
583 2648 786 2704 scitote
832 2646 1148 2718 neminem,
1215 2662 1404 2718 neque
1466 2646 1716 2703 liberum
1777 2662 1967 2717 neque
2013 2661 2258 2719 servum,
2283 2654 2362 2710 77

75 2751 236 2806 neque
282 2736 466 2792 civem
512 2751 698 2806 neque
744 2734 1139 2806 peregrinum,
1197 2733 1296 2805 qui
1342 2733 1487 2790 illud
1533 2734 1760 2805 signum
1805 2733 2051 2791 auderet
2086 2735 2259 2791 attin-

74 2839 217 2892 gere:
275 2824 555 2881 barbaros
609 2820 886 2894 quosdam
939 2820 1218 2894 Lilybaeo
1275 2820 1480 2878 scitote
1536 2820 1814 2879 adductos
1873 2837 2000 2878 esse
2054 2836 2260 2893 opera-

73 2911 194 2967 rios:
250 2911 290 2968 ii
336 2911 586 2982 denique
632 2909 776 2967 illud
822 2909 1009 2979 ignari
1055 2909 1228 2966 totius
1274 2909 1490 2981 negotii
1539 2925 1606 2965 ac
1646 2908 1946 2980 religionis
1991 2908 2258 2966 mercede

74 3005 292 3071 accepta
334 2998 708 3056 sustulerunt.
801 2996 966 3067 Quod
1012 3012 1144 3053 cum
1204 3014 1273 3054 ex
1319 2997 1525 3068 oppido
1582 2995 1994 3067 exportabatur
2012 3041 2026 3068 ,
2087 3012 2261 3068 quem

73 3093 391 3143 conventum
463 3086 771 3143 mulierum
847 3083 1061 3141 factum
1138 3101 1265 3142 esse
1339 3084 1729 3157 arbitramini,
1818 3100 1983 3155 quem
2064 3081 2262 3142 fletum

73 3174 330 3231 maiorum
384 3177 568 3231 natu?
627 3188 873 3245 quorum
930 3188 1047 3229 non
1107 3172 1253 3229 nulli
1308 3173 1485 3229 etiam
1546 3173 1706 3229 illum
1774 3169 1927 3228 diem
1988 3171 2266 3228 memoria

73 3262 354 3335 tenebant,
413 3279 545 3318 cnm
605 3260 704 3318 illa
760 3260 964 3317 eadem
1018 3259 1209 3317 Diana
1255 3260 1558 3332 Segestam
1618 3259 1975 3330 Karthagine
2032 3263 2265 3316 revecta

72 3349 347 3407 victoriam
391 3349 587 3422 populi
631 3347 876 3407 Romani
919 3347 1114 3405 reditu
1158 3364 1262 3405 suo
1308 3349 1652 3406 nuntiasset.
1744 3346 1931 3418 Quam
1976 3346 2266 3405 dissimilis

241 3599 287 3665 1)
361 3599 446 3651 Sic
484 3614 544 3650 ex
582 3596 732 3651 codd.
771 3600 881 3666 opt.
926 3598 1277 3662 recentiores:
1333 3597 1493 3666 vulgo
1540 3595 1643 3650 illa
1689 3595 1803 3664 v'qose
1848 3600 1943 3650 aut
1988 3595 2103 3665 ipSe
2148 3596 2267 3653 illa.

74 3665 118 3730 2)
153 3666 244 3720 Sic
279 3669 385 3722 cod.
420 3670 585 3736 Reg.;
624 3669 820 3736 Zumpt
862 3685 923 3721 ex
958 3667 1134 3723 Guelf.
1173 3669 1278 3720 ei8.'
1410 3669 1463 3734 3)
1503 3669 1681 3734 Vulgo
1720 3667 1927 3720 donum
2069 3711 2081 3722 .
2108 3668 2270 3722 Rom.

73 3741 247 3789 contra
279 3738 423 3792 codd.
462 3744 572 3809 opt.
679 3738 734 3805 4)
766 3753 874 3789 esse
908 3753 1026 3790 unc.
1065 3739 1188 3790 incl.
1211 3739 1434 3802 Muller,
1470 3738 1611 3807 qnod
1650 3738 1803 3791 deest
1838 3738 1894 3789 in
1981 3736 2107 3794 uelf.
2151 3741 2176 3791 1
2215 3742 2270 3792 et

74 3806 121 3858 in
157 3806 326 3860 Guelf.
364 3810 396 3862 2
430 3813 556 3862 ante
593 3823 902 3860 eversurum
941 3807 1173 3877 ponitur.
1291 3811 1346 3876 5)
1401 3807 1550 3876 apud
1587 3807 1908 3876 Seyestwnos
1945 3809 2108 3861 Halm
2148 3825 2267 3861 cum

73 3878 490 3942 praecedentibus
529 3879 704 3931 verbis
742 3878 1034 3945 coniungit.
