2669 4354
913 274 1027 314 Pno
1072 274 1124 315 P.
1169 274 1385 317 sns'rm.
2137 261 2260 318 245

70 446 169 504 Hoc
212 446 408 505 vident
460 464 686 506 omnes:
745 448 890 506 Milo
938 454 1000 507 et
1058 448 1201 506 vidit
1267 454 1327 506 et
1385 449 1553 522 fecit,
1614 455 1678 507 ut
1728 449 1816 507 ius
1877 451 2264 526 experiretur,

68 535 156 592 vim
186 534 512 608 depelleret
536 529 605 616 ¹).
682 536 887 595 Altero
934 537 1019 593 uti
1049 536 1256 608 voluit,
1303 542 1368 593 ut
1410 537 1592 595 virtus
1637 536 1934 595 audaciam
1975 539 2263 612 vinceret3

66 622 225 679 altero
288 640 423 681 usus
486 624 820 682 necessario
890 629 1005 695 est,
1076 639 1150 680 ne
1221 624 1404 681 virtus
1471 623 1543 683 ab
1606 625 1853 683 audacia
1917 626 2263 685 vinceretur.

65 709 372 783 Eademque
432 712 583 769 ratio
638 710 752 769 fuit
807 712 1009 785 Sestii,
1063 712 1112 769 si
1169 712 1357 768 minus
1416 712 1477 769 in
1538 712 1864 771 accusando
1929 746 2011 754 ——
2073 730 2261 786 neque

66 799 189 855 enim
232 816 341 871 per
386 816 584 858 omnes
642 798 753 856 fuit
797 798 951 856 idem
1016 796 1144 856 fieri
1199 814 1442 858 necesse
1507 834 1584 842 —-
1638 807 1701 858 at
1747 806 1908 859 certe
1954 801 2015 858 in
2061 818 2265 859 neces-

0 895 3 948 ἓ
64 886 208 944 sitate
279 885 686 945 defendendae
760 887 965 945 salutis
1044 901 1182 944 suae
1258 886 1667 959 praesidioque
1736 894 1937 947 contra
2011 889 2125 947 vim
2204 895 2262 947 et

62 990 265 1031 manum
312 974 721 1047 comparand0.

206 1061 254 1119 Ο
303 1061 364 1119 di
418 1062 798 1120 immortales!
859 1077 1165 1133 quemnam
1209 1060 1515 1119 ostenditis
1563 1062 1783 1120 exitum
1828 1064 2032 1121 nobis‘?
2092 1080 2262 1136 quam
2280 1065 2368 1132 43

57 1164 191 1220 spem
235 1151 329 1207 rei
374 1149 645 1223 publicae
691 1150 842 1208 datis
860 1152 888 1206 ⁸?
933 1153 1141 1222 quotus
1183 1150 1425 1220 quisque
1468 1149 1796 1208 invenietur
1839 1156 2005 1210 tanta
2046 1152 2260 1211 virtute
2283 1160 2365 1217 93

2 1233 15 1322 ξ
57 1237 147 1310 vir,
191 1238 295 1309 qui
339 1238 617 1311 optimam
661 1254 946 1310 quamque
994 1252 1225 1295 causam
1272 1236 1360 1293 rei
1404 1236 1671 1308 publicae
1717 1238 2120 1313 amplectatur,
2166 1242 2261 1313 qui

3 1325 13 1374 'r‘
55 1323 192 1382 bonis
224 1326 370 1383 viris
401 1325 713 1396 deserviat,
762 1326 858 1397 qui
904 1324 1144 1382 solidam
1186 1323 1418 1381 laudem
1459 1339 1770 1397 veramque
1800 1329 2085 1398 quaerat?
2131 1345 2263 1385 cum

4 1425 15 1464 ι
55 1412 178 1469 sciat
220 1414 338 1471 duo
389 1413 495 1471 illa
537 1414 627 1470 rei
673 1412 943 1486 publicae
989 1426 1177 1484 paene
1223 1409 1374 1485 fata,
1441 1411 1749 1470 Gabinium
1796 1419 1856 1471 et
1898 1414 2167 1474 Pisonem
2194 1411 2263 1496 ²),

4 1498 282 1558 alterum
346 1501 585 1558 haurire
632 1501 843 1559 cotidie
900 1516 971 1559 ex
1023 1498 1433 1572 pacatissimae
1489 1505 1664 1572 atque
1721 1501 2192 1574 opulentissimae
2212 1500 2265 1581 ⁸)

54 1585 231 1658 Syriae
285 1589 444 1661 gazis
490 1588 914 1647 innumerabile
959 1587 1184 1661 pondus
1230 1587 1392 1657 auri·
1436 1586 1654 1645 bellum
1699 1587 1919 1646 inferre
1965 1591 2265 1661 quiescen-

2 1583 17 1742 Ξ
53 1674 211 1749 tibus,
280 1683 347 1734 ut
406 1692 608 1734 eorum
652 1682 887 1734 veteres
942 1674 1327 1746 inlibatasque
1376 1673 1607 1732 divitias
1652 1675 1713 1731 in
1757 1674 2263 1778 profundissimum

2 1729 13 1850 Ξ
53 1763 337 1821 libidinum
377 1780 613 1821 suarum
658 1763 943 1837 gurgitem
988 1760 1329 1835 profundat3
1375 1762 1571 1820 villam
1615 1762 1925 1821 aedificare
1971 1765 2031 1822 in
2083 1766 2261 1823 oculis

53 1853 291 1909 omnium
336 1856 596 1924 tantam,
643 1852 935 1922 tugurium
981 1856 1046 1907 ιιι
1089 1851 1204 1907 iam
1253 1848 1520 1907 videatur
1566 1866 1712 1909 esse
1740 1851 1840 1908 illa
1885 1852 2045 1922 villa,
2091 1870 2263 1925 quam

4 1941 5 1944 ’
53 1938 157 2009 ipse
202 1939 477 1997 tribunus
533 1937 721 2011 plebis
765 1940 982 2011 pictam
1028 1938 1162 1995 olim
1219 1938 1280 1993 in
1328 1938 1692 1996 contionibus
1740 1939 2092 2012 explicabat,
2150 1958 2263 2014 quo

4 2035 5 2042 ¹
52 2023 415 2085 fortissimum
461 2042 531 2084 ac
577 2042 860 2084 summum
906 2026 1091 2084 civem
1153 2025 1213 2081 in
1260 2024 1534 2083 invidiam
1580 2026 1749 2084 homo
1797 2033 1989 2085 castus
2036 2044 2105 2085 ac
2150 2046 2262 2086 non

2 2167 3 2170 ,
52 2114 272 2187 cupidus
320 2119 594 2172 vocaret:
657 2115 905 2171 alterum
951 2112 1273 2171 Thracibus
1319 2128 1388 2170 ac
1434 2113 1723 2171 Dardanis
1767 2114 2012 2188 primum
2056 2133 2262 2190 pacem
2285 2132 2367 2190 94

52 2204 285 2261 maxima
343 2204 599 2276 pecunia
658 2201 1013 2274 vendidisse3
1070 2200 1310 2273 deinde,
1369 2206 1435 2258 ut
1482 2201 1568 2259 illi
1624 2204 1928 2274 pecuniam
1976 2203 2263 2264 conficere

54 2298 299 2364 possent,
370 2289 692 2349 vexandam
759 2291 844 2348 eis
904 2286 1309 2348 Macedoniam
1372 2294 1433 2347 et
1498 2288 1852 2362 spoliandam
1917 2292 2262 2368 tradidisse;

0 2448 1 2461 χ
57 2378 402 2451 eundemque
450 2379 604 2437 bona
640 2377 1018 2449 creditorum,
1084 2377 1291 2434 civium
1336 2375 1755 2452 Romanorum,
1818 2395 1947 2436 cum
1987 2380 2264 2439 debitori-

0 2480 5 2545 ζ
55 2463 138 2522 bus
181 2465 433 2524 Graecis
497 2466 793 2537 divisisse,
853 2480 1064 2538 cogere
1124 2464 1402 2536 pecunias
1463 2466 1742 2523 maximas
1786 2482 1823 2524 a
1865 2466 2261 2540 Dyrrachinis,

0 2555 286 2624 spoliare
334 2553 678 2626 Thessalos,
740 2558 963 2611 certam
1011 2551 1260 2609 Achaeis
1317 2553 1379 2609 in
1422 2567 1606 2611 annos
1656 2553 1913 2628 singulos
1957 2557 2263 2627 pecuniam

0 2634 9 2715 ᾗ
51 2640 452 2714 imperavisse,
514 2657 704 2712 neque
749 2647 947 2698 tamen
1014 2639 1132 2697 ullo
1211 2639 1272 2696 in
1330 2639 1561 2712 publico
1634 2648 1737 2699 aut
1801 2642 2072 2715 religioso
2134 2644 2261 2701 loco

0 2730 9 2811 ξ
50 2729 259 2801 signum
307 2733 411 2787 ant
455 2728 714 2787 tabulam
755 2735 858 2786 aut
900 2732 1299 2786 ornamentum
1347 2727 1676 2799 reliquisse.
1731 2729 1862 2787 illos
1881 2723 1936 2810 ⁴)
1981 2731 2068 2788 sic
2113 2731 2262 2789 inlu-

0 2792 9 2895 }
50 2814 197 2891 dere,
262 2817 477 2889 quibus
522 2832 690 2873 omne
749 2816 1092 2889 supplicium
1148 2822 1321 2887 atque
1379 2815 1564 2872 omnis
1620 2815 1746 2873 iure
1808 2818 2022 2888 optimo
2074 2834 2263 2890 poena

0 2898 314 2977 {debetun
407 2919 542 2962 reos
617 2919 746 2962 esse
813 2904 916 2961 hos
994 2902 1161 2976 duos,
1265 2918 1408 2974 quos
1477 2902 1700 2963 videtis.
1840 2903 2056 2964 Omitto
2145 2907 2260 2965 iam

47 2990 412 3065 Numerium,
491 2991 832 3064 Serranum,
915 2990 1147 3049 Aelium
1168 3035 1183 3064 ,
1269 2991 1607 3062 quisquilias
1674 2991 1971 3051 seditionis
2034 2992 2264 3052 Clodia-

46 3095 168 3139 nae:
268 3080 377 3139 sed
445 3086 643 3137 tamen
705 3080 766 3136 hi
834 3094 1059 3151 quoque
1124 3078 1301 3136 etiam
1368 3095 1521 3136 nunc
1579 3079 1853 3152 volitant,
1910 3085 1975 3138 ιιι
2027 3081 2261 3156 videtis3

46 3178 166 3242 nec,
237 3169 378 3227 dum
437 3183 538 3225 vos
601 3165 675 3223 de
725 3167 885 3225 vobis
929 3165 1148 3238 aliquid
1206 3166 1516 3239 timebitis,
1584 3166 1671 3223 illi
1731 3183 1999 3239 umquam
2057 3169 2128 3228 de
2199 3186 2261 3228 se

46 3257 458 3325 pertimescent
485 3248 554 3334 ⁶).

0 3501 1 3572 Ξ
208 3529 267 3595 1)
309 3527 487 3580 Verba
524 3529 589 3579 ut
624 3525 714 3578 ius
749 3540 926 3592 emper.
963 3524 1072 3577 vim
1127 3524 1406 3592 depelleret
1441 3525 1728 3594 Pluygers,
1779 3525 2056 3580 Eberhard
2109 3528 2264 3582 uncis

46 3594 157 3650 incl.
344 3597 401 3665 2)
458 3595 762 3650 Gabinium
820 3600 869 3648 et
917 3595 1173 3650 Pisonem
1228 3595 1379 3648 uncis
1433 3595 1556 3649 incl.
1613 3596 1909 3678 Pluygers,
1971 3598 2262 3654 Eberhard.

0 3666 88 3732 3)
123 3667 531 3734 pacatissimae
566 3671 619 3720 et
656 3665 1097 3733 opulentissimae
1131 3682 1229 3718 nos
1268 3681 1395 3729 scr.‚
1446 3665 1592 3732 vulg.
1627 3667 1999 3733 pacatissimis
2036 3672 2091 3721 et
2125 3685 2261 3736 opu·

0 3741 5 3794 Ξ
47 3735 389 3799 lautissimis,
415 3735 817 3816 paratissimis
838 3736 893 3790 C.
932 3736 992 3789 F.
1033 3737 1338 3795 Hermann,
1391 3735 1681 3789 Eberhard.
1887 3739 1942 3804 4)
1982 3738 2163 3808 Vulgo
2202 3756 2263 3792 ex

0 3803 5 3860 Ξ
46 3808 184 3861 codd.
230 3808 359 3870 hos,·
403 3808 496 3861 alii
533 3823 647 3868 eos;
707 3805 867 3859 sociis
903 3822 1000 3875 pro
1036 3807 1135 3859 hos
1173 3805 1252 3858 sic
1290 3775 1441 3858 Paul.
1532 3806 1654 3859 Mox
1692 3808 1846 3860 multi
1887 3824 1948 3860 ex
1985 3807 2262 3862 Garatonii

0 3873 1 3946 ξ
45 3880 166 3932 coni.
210 3895 315 3931 scr.
351 3877 580 3930 eludere.
724 3879 778 3945 5)
818 3877 986 3931 Codd.
1023 3880 1135 3944 opt.
1169 3874 1571 3954 pertimescunt.
1919 3923 1923 3927 .

120 3965 217 4008 Oic.
252 3964 390 4007 Oratt.
423 3963 530 4006 Sell.
1765 3954 1844 4012 16
