2669 4354
394 230 474 288 14
1388 246 1606 287 omno

392 419 477 477 vis
536 422 743 477 multos
803 422 1142 478 nominatim
1200 419 1498 492 proferre,
1557 434 1633 475 ne
1679 419 1904 492 longius
1950 416 2181 487 abeam,
2228 417 2322 474 vel
2362 416 2587 474 tribules

391 508 485 564 vel
530 508 750 565 vicinos
794 525 984 582 meOS,
1054 510 1150 580 qui
1196 525 1326 565 suos
1371 509 1620 579 liberos,
1677 523 1817 578 quos
1859 506 2095 578 plurimi
2139 504 2394 577 faciunt,
2457 505 2586 576 agri-

393 595 550 651 colas
610 595 884 654 adsiduos
938 613 1067 654 esse
1127 597 1382 669 cupiunt.
1472 595 1689 652 Verum
1750 594 2012 651 homines
2073 600 2238 650 notos
2263 585 2314 672 1)
2378 609 2586 650 sumere

392 682 649 741 odiosum
698 688 820 757 est,
866 701 993 741 cum
1040 689 1102 740 et
1145 684 1290 741 illud
1336 685 1622 741 incertum
1664 683 1770 755 sit,
1812 682 2071 739 velintne
2118 682 2160 738 ii
2185 675 2238 761 2)
2267 698 2397 738 sese
2431 681 2587 738 nomi-

392 771 549 842 nari,
585 775 679 828 .et
747 788 917 830 nemo
974 772 1134 830 vobis
1197 773 1383 843 magis
1439 776 1607 828 notus
1677 769 1902 828 futurus
1963 770 2069 843 sit,
2138 786 2306 840 quam
2368 775 2458 826 est
2514 769 2587 824 hic

392 858 717 932 EutychuS,
765 867 825 917 et
864 864 1023 918 certe
1071 860 1145 916 ad
1190 875 1314 916 rem
1361 859 1506 915 nihil
1550 859 1809 931 intersit,
1858 862 2050 914 utrum
2091 857 2242 914 hunc
2288 874 2398 929 ego
2439 856 2587 913 comi-

393 963 521 1002 cum
567 946 1002 1004 adulescentem
1048 964 1123 1004 an
1165 947 1417 1018 aliquem
1473 964 1544 1003 ex
1594 962 1735 1017 agro
1777 946 2027 1002 Veiente
2070 946 2379 1001 nominem.
2470 945 2586 1001 Ete-

393 1034 512 1090 nim
574 1035 718 1091 haec
787 1033 1030 1092 conficta
1087 1034 1339 1092 arbitror
1409 1051 1536 1092 esse
1601 1051 1636 1090 a
1694 1033 1915 1106 poetiS,
1983 1038 2049 1090 ut
2102 1031 2322 1090 effictos
2382 1038 2586 1090 nostros

394 1138 584 1178 mores
650 1122 712 1177 in
779 1122 987 1180 alienis
1048 1123 1311 1194 personis
1378 1137 1820 1195 expressamque
1882 1121 2193 1193 imaginem
2238 1117 2530 1197 [nostrae]
2550 1114 2586 1197 ³)

290 1212 372 1268 48
393 1209 548 1266 vitae
601 1210 929 1268 cotidianae
998 1209 1343 1270 videremuS.
1447 1211 1574 1282 Age
1642 1226 1824 1282 nunc,
1890 1207 2051 1266 refer
2110 1210 2362 1266 animum
2414 1210 2491 1266 sis
2533 1207 2586 1264 ad

391 1297 698 1354 veritatem
745 1303 807 1355 et
853 1298 1184 1371 considera,
1244 1315 1359 1355 non
1414 1299 1581 1355 modo
1625 1299 1686 1354 in
1729 1296 1969 1354 Umbria
2031 1303 2204 1368 atque
2249 1297 2307 1352 in
2358 1313 2432 1354 ea
2474 1296 2587 1352 vici-

392 1386 614 1457 nitate,
671 1386 776 1443 sed
833 1386 893 1442 in
951 1386 1043 1442 his
1100 1386 1395 1443 veteribus
1456 1385 1782 1457 municipiis
1829 1400 1977 1455 quae
2026 1384 2219 1442 studia
2264 1401 2301 1441 a
2344 1385 2586 1457 patribus

391 1471 640 1530 familias
667 1466 720 1551 ⁴)
777 1473 1020 1530 maxime
1082 1474 1422 1531 laudentur:
1488 1475 1603 1530 iam
1651 1471 1913 1545 profecto
1952 1478 2010 1530 te
2056 1472 2365 1544 intelleges
2414 1472 2587 1544 inopia

392 1561 694 1617 criminum
753 1577 1030 1617 summam
1091 1561 1320 1619 laudem
1381 1561 1510 1619 SeX.
1556 1561 1767 1619 Roscio
1810 1560 1950 1617 vitio
2002 1565 2063 1616 et
2108 1561 2313 1633 culpae
2361 1560 2587 1617 dedisse.

293 1643 373 1708 17
391 1648 477 1704 Ac
515 1665 632 1705 non
676 1648 841 1706 modo
888 1649 995 1705 hoc
1040 1655 1267 1721 patrum
1314 1651 1610 1707 voluntate
1657 1648 1829 1706 liberi
1860 1647 2106 1721 faciunt,
2154 1648 2257 1704 sed
2288 1648 2586 1721 permultos

394 1741 455 1793 et
522 1752 630 1808 ego
687 1737 820 1795 novi
877 1743 966 1809 et,
1034 1738 1147 1794 nisi
1202 1755 1294 1795 me
1349 1735 1502 1794 fallit
1546 1737 1796 1810 animus,
1857 1753 2002 1793 unus
2043 1737 2284 1808 quisque
2332 1743 2586 1801 vestrum,

391 1825 489 1895 qui
534 1830 593 1881 et
631 1824 741 1896 ipsi
777 1825 999 1882 incensi
1045 1831 1179 1882 sunt
1223 1826 1443 1898 studio,
1489 1825 1638 1897 quod
1685 1824 1761 1881 ad
1802 1841 2003 1895 agrum
2035 1824 2334 1881 colendum
2379 1826 2587 1891 attinet,

388 1912 678 1983 vitamque
722 1913 873 1969 hanc
931 1914 1241 1984 rusticam,
1298 1929 1469 1984 quam
1516 1918 1578 1969 tu
1622 1912 1834 1984 probro
1881 1917 1941 1969 et
1986 1913 2215 1968 crimini
2262 1918 2435 1983 putas
2480 1925 2585 1970 esse

390 2005 688 2072 oportere,
777 2006 835 2058 et
898 2001 1361 2058 honestissimam
1425 2006 1488 2058 et
1556 2000 1950 2058 suavissimam
2029 2016 2157 2057 esse
2231 2000 2586 2057 arbitrantur.

286 2088 367 2143 49
390 2087 537 2157 Quid
583 2103 786 2145 censes
833 2088 985 2144 hunc
1031 2088 1218 2160 ipsum
1262 2088 1391 2146 SeX.
1435 2087 1732 2161 Roscium,
1780 2105 1891 2159 quo
1937 2088 2129 2146 studio
2172 2092 2233 2144 et
2278 2105 2393 2160 qua
2441 2087 2587 2145 intel-

387 2163 645 2246 legentia
708 2193 836 2234 esse
902 2176 964 2233 in
1025 2176 1254 2234 rusticis
1321 2176 1541 2235 rebus?
1640 2176 1719 2235 Ut
1781 2193 1851 2233 ex
1918 2175 2006 2233 his
2065 2176 2405 2248 propinquis
2467 2177 2585 2246 eiuS,

386 2263 710 2321 hominibus
760 2264 1205 2338 honestissimiS,
1267 2266 1470 2338 audi0,
1530 2281 1644 2322 non
1701 2269 1762 2322 tu
1816 2265 1878 2321 in
1921 2265 2034 2321 isto
2080 2263 2324 2322 artificio
2372 2279 2587 2323 accusa-

386 2352 535 2408 torio
582 2352 845 2409 callidior
891 2369 953 2409 es
996 2368 1166 2424 quam
1211 2353 1306 2409 hic
1350 2354 1411 2409 in
1453 2370 1570 2410 suo,
1659 2352 1906 2425 Verum,
1951 2357 2015 2409 ut
2059 2354 2286 2425 opinor,
2335 2354 2585 2425 quoniam

386 2439 471 2495 ita
514 2438 883 2512 Chrysogono
947 2440 1204 2514 videtur,
1261 2442 1357 2512 qui
1413 2441 1549 2498 huic
1606 2442 1824 2497 nullum
1870 2440 2171 2512 praedium
2215 2441 2486 2515 reliquit,
2544 2444 2587 2496 et

387 2524 692 2585 artificium
732 2526 1102 2585 obliviscatur
1147 2534 1206 2586 et
1252 2530 1502 2586 studium
1548 2529 1800 2600 deponat
1846 2528 2069 2585 licebit.
2161 2528 2323 2598 Quod
2371 2526 2585 2587 tametsi

385 2614 661 2672 miserum
719 2621 780 2672 et
839 2616 1138 2688 indignum
1195 2622 1313 2689 est,
1384 2616 1536 2674 feret
1599 2623 1794 2674 tamen
1857 2631 2041 2688 aequo
2087 2618 2304 2690 animo,
2369 2617 2585 2684 iudiceS,

385 2703 434 2759 si
478 2720 588 2776 per
631 2720 729 2761 vos
767 2704 944 2761 vitam
988 2709 1050 2762 et
1096 2704 1308 2761 famam
1355 2709 1548 2775 potest
1592 2704 1890 2763 obtinere:
1953 2704 2061 2762 hoc
2105 2722 2245 2762 vero
2289 2709 2411 2774 est,
2457 2699 2586 2777 quod

383 2788 526 2847 ferri
568 2808 684 2850 non
729 2797 950 2864 potest,
1011 2792 1059 2848 si
1108 2797 1167 2848 et
1221 2793 1282 2848 in
1328 2793 1480 2849 hanc
1525 2793 1912 2849 calamitatem
1956 2793 2117 2873 venit
2158 2799 2400 2865 propter
2435 2807 2586 2864 prae-

384 2878 608 2937 diorum
664 2880 982 2937 bonitatem
1041 2885 1101 2936 et
1145 2879 1603 2948 multitudinem,
1653 2885 1746 2953 et,
1790 2881 1940 2952 quod
1989 2897 2058 2938 ea
2104 2882 2361 2938 studiose
2409 2880 2585 2948 coluit,

381 2966 442 3024 id
512 2969 626 3026 erit
684 2969 741 3024 ei
797 2968 1048 3024 maxime
1106 2965 1322 3039 fraudi,
1391 2972 1456 3024 ut
1518 2984 1722 3039 parum
1778 2968 2051 3026 miseriae
2106 2969 2209 3041 sit,
2277 2970 2433 3040 quod
2477 2966 2586 3025 aliis

384 3055 589 3130 coluit,
634 3072 749 3113 non
791 3055 928 3128 sibi,
972 3054 1084 3111 nisi
1129 3055 1343 3128 etiam,
1400 3055 1548 3127 quod
1595 3056 1823 3112 omnino
1869 3057 2079 3129 coluit,
2133 3057 2359 3113 crimini
2407 3056 2582 3113 fuerit.

278 3134 364 3200 18
556 3144 647 3201 Ne
689 3149 783 3216 tu,
830 3143 1046 3215 Eruci,
1091 3149 1395 3201 accusator
1439 3159 1597 3200 esses
1641 3144 1943 3217 ridiculuS,
1991 3145 2040 3200 si
2081 3141 2201 3201 illis
2246 3145 2585 3216 temporibus

280 3229 362 3285 50
382 3238 552 3289 natus
594 3248 789 3304 esseS,
860 3247 990 3288 cum
1035 3229 1107 3286 ab
1153 3236 1351 3288 aratro
1391 3231 1861 3304 arcessebantur,
1931 3232 2028 3303 qui
2067 3233 2328 3289 consules
2373 3231 2584 3291 fierent.

380 3320 615 3377 Etenim
659 3320 754 3391 qui
799 3334 1072 3391 praeesse
1113 3335 1252 3389 agro
1299 3318 1542 3376 colendo
1581 3318 1863 3391 flagitium
1893 3326 2098 3393 putes,
2145 3319 2405 3392 profecto
2439 3322 2582 3379 illum

378 3408 652 3480 Atilium,
698 3424 867 3478 quem
907 3421 1013 3463 sua
1057 3422 1229 3463 manu
1275 3413 1645 3480 spargentem
1690 3422 1890 3465 semen
1937 3408 2034 3479 qui
2075 3409 2233 3465 missi
2268 3415 2437 3466 erant
2469 3424 2583 3466 con-

379 3501 693 3568 venerunt,
739 3494 1468 3566 hominemxturpissimum
1512 3501 1685 3567 atque
1728 3496 2260 3554 inhonestissimum
2290 3496 2581 3555 iudicares,

554 3713 606 3778 1)
644 3715 804 3763 natos
836 3709 986 3779 Jeep,
1023 3710 1355 3764 Fleckeisen.
1517 3711 1571 3777 2)
1616 3709 1661 3761 ii
1697 3711 1886 3774 Halm,
1925 3711 1982 3762 hi
2017 3712 2196 3778 vulgo,
2358 3712 2415 3779 3)
2454 3708 2582 3765 codd.

375 3786 623 3834 nostram
632 3800 652 3848 ‚·
689 3782 977 3834 Hotoman.
1013 3785 1266 3846 nostrae,-
1303 3784 1524 3832 nostrae
1551 3780 1722 3833 deleV.
1748 3781 1974 3850 Madvig
2001 3785 2056 3835 et
2083 3782 2262 3834 Halm.
2424 3784 2482 3848 4)
2510 3780 2585 3834 Sic

376 3854 630 3918 Lambin;
683 3852 829 3906 codd.
868 3851 1127 3918 familii3‚
1176 3851 1317 3918 quod
1356 3854 1540 3904 tuetur
1575 3851 1904 3904 Fleckeisen.
