2669 4354
377 233 506 291 384
1058 248 1277 291 ORATIO
1318 250 1577 289 Pmmrr.
1621 248 1894 289 sncvnns

376 423 723 495 dissimulat,
790 428 985 494 patres
1045 423 1388 497 conscripti,
1455 428 1704 496 apparet
1760 430 1898 481 ‘esse
1967 428 2337 496 commotum,
2403 423 2585 492 sudat,

373 511 570 583 pallet.
675 510 1001 583 Quidlibet,
1059 511 1228 569 modo
1284 527 1360 570 ne
1417 515 1695 585 nauseet,
1761 509 1972 585 faciat,
2033 510 2187 583 quod
2240 511 2308 567 in
2365 512 2584 583 porticu

373 599 634 658 Minucia
692 597 849 657 fecit.
939 598 1102 669 Quae
1159 603 1356 672 potest
1406 608 1536 658 esse
1597 599 1973 671 turpitudinis
2025 603 2224 657 tantae
2286 596 2585 656 defensio?

375 685 557 760 Cupio
609 686 844 760 audire,
916 692 980 744 ut
1037 687 1297 760 videam,
1341 687 1468 747 ubi
1526 687 1775 746 rhetoris
1834 688 1911 745 sit
1969 692 2131 745 tanta
2188 702 2448 760 merces,
2484 679 2586 768 ¹[id

272 773 353 831 85
375 781 467 835 est
511 774 609 832 ubi
655 790 890 848 campus
935 774 1253 835 Leontinus
1297 772 1599 849 appareat]
1623 768 1692 853 ¹).
1781 774 2037 835 Sedebat
2086 775 2151 832 in
2204 776 2410 832 rostris
2456 791 2584 832 con-

373 864 508 936 lega
557 868 689 923 tuus
708 906 724 934 ,
783 863 1026 921 amictus
1079 868 1220 936 toga
1276 878 1599 936 purpurea,
1654 864 1731 920 ¹in
1785 863 1930 921 sella
1983 877 2192 936 aurea,
2267 854 2583 921 coronatus.

371 951 687 1024 Escendis,
748 950 981 1011 accedis
1028 950 1103 1013 ad
1145 951 1353 1009 ,sellam
1401 982 1484 993 --
1544 951 1633 1010 ita
1675 966 1807 1009 eras
1843 949 2179 1024 LupercuS,
2239 955 2306 1007 ut
2349 956 2408 1007 te
2456 967 2587 1008 con-

372 1040 554 1101 sulem
613 1054 743 1097 esse
801 1039 1136 1099 meminisse
1194 1039 1443 1099 deberes
1497 1069 1582 1082 ——
1641 1038 1911 1097 'diadema
1964 1038 2236 1096 ostendis.
2329 1037 2586 1096 Gemitus

371 1132 495 1185 toto
537 1126 685 1186 foro.
776 1126 943 1185 Unde
965 1126 1299 1187 “diadema‘?
1356 1143 1475 1187 non
1531 1127 1684 1185 enim
1744 1127 2033 1186 abiectum
2070 1126 2392 1184 sustuleras
2410 1170 2426 1198 ,
2486 1126 2587 1184 sed

291 1234 296 1239 ¹
371 1214 653 1273 attuleras
722 1213 891 1273 domo
943 1215 1282 1275 meditatum
1347 1221 1409 1272 et
1481 1215 1795 1286 cogitatum
1857 1214 2059 1273 scelus.
2164 1213 2254 1285 Tu
2322 1214 2586 1273 diadema

370 1301 708 1374 imponebas
761 1317 891 1359 cum
934 1303 1215 1375 plangore
1249 1303 1447 1377 populi
1465 1346 1480 1375 ,
1536 1302 1638 1361 ille
1690 1319 1820 1361 cum
1865 1302 2069 1374 plausu
2110 1301 2409 1360 reiciebat.
2498 1302 2587 1360 Tu

374 1405 514 1461 ergo
559 1407 738 1462 unuS,
800 1389 1083 1449 scelerate
1102 1434 1117 1463 ,
1173 1391 1443 1448 inventus
1488 1405 1587 1463 eS,
1647 1392 1747 1462 qui
1796 1406 1925 1448 cum
1971 1394 2177 1448 auctor
2216 1390 2389 1462 regni
2433 1396 2585 1448 esses

372 1493 620 1549 eumque
641 1473 719 1555 ²),
799 1491 969 1548 quem
1031 1477 1330 1551 conlegam
1382 1476 1673 1551 habebas,
1748 1478 2071 1536 dominum·
2102 1478 2323 1536 habere
2380 1478 2584 1550 *vellea

368 1565 524 1623 idem
574 1568 919 1637 temptares,
995 1565 1133 1636 quid
1210 1566 1453 1638 populus
1508 1565 1805 1624 Romanus
1861 1565 2019 1624 ferre
2073 1570 2136 1623 et
2190 1566 2316 1638 pati
2374 1570 2585 1637 posset.

268 1649 347 1707 86
368 1652 448 1710 At
491 1654 667 1711 etiam
727 1652 1183 1717 misericordiam
1240 1653 1544 1731 captabas:
1604 1654 1847 1727 supplex
1904 1659 1963 1710 te
2027 1652 2103 1711 ad
2145 1653 2327 1726 pedes
2372 1653 2587 1711 abicie-

366 1741 497 1798 bas:
544 1740 680 1813 quid
713 1742 956 1811 petens?
1002 1744 1067 1798 ut
1096 1742 1383 1800 servires?
1451 1742 1582 1799 Tibi
1612 1743 1712 1800 uni
1740 1747 2005 1815 peterse,
2053 1741 2150 1813 qui
2195 1742 2279 1798 ita
2323 1756 2362 1798 a
2406 1758 2583 1814 puero

365 1829 623 1900 vixeraS,
673 1834 739 1885 ut
782 1828 977 1887 omnia
1019 1833 1289 1900 paterere
1310 1873 1325 1901 ,
1370 1834 1434 1886 ut
1478 1828 1652 1888 facile
1687 1830 1936 1888 servires
1953 1822 2040 1907 ³):
2086 1845 2123 1886 a
2151 1829 2318 1887 nobis
2349 1829 2585 1902 populo·

367 1933 481 1989 que
538 1916 798 1977 Romano
855 1915 1191 1974 mandatum
1255 1916 1317 1977 id
1365 1921 1524 1975 certe
1586 1934 1702 1975 non
1759 1917 2032 1975 habebas.
2122 1915 2169 1973 O
2225 1916 2585 1988 praeclaram

366 2003 527 2062 illam
572 2004 966 2076 eloquentiam
1025 2009 1209 2076 tuam,
1268 2021 1398 2065 cum
1443 2021 1506 2063 es
1560 2005 1744 2063 nudus
1800 2004 2192 2063 contionatus!
2236 2050 2239 2053 .
2286 2003 2461 2072 Quid·
2482 2004 2584 2061 hoc

367 2091 633 2164 turpius?
694 2091 830 2164 quid
891 2090 1155 2150 foedius?
1211 2091 1351 2163 quid
1413 2093 1707 2165 suppliciis
1767 2091 2031 2150 omnibus
2075 2091 2302 2165 dignius
2320 2094 2348 2147 ’ἓ
2437 2091 2581 2149 Num

370 2185 701 2253 exspectas,
728 2196 732 2201 ·
763 2179 898 2238 dum
949 2185 1010 2238 te
1072 2181 1317 2242 stimulis
1368 2180 1693 2240 fodiamus?
1760 2181 1907 2239 haec
1959 2187 2057 2252 te,
2116 2181 2183 2238 si'
2223 2180 2405 2238 ullam
2456 2185 2578 2254 pai·-

368 2271 488 2325 tem
532 2267 721 2325 habes
776 2283 1007 2342 sensus,
1070 2269 1318 2343 lacerat,
1379 2269 1527 2327 haec
1593 2264 1881 2328 cruentat
1905 2269 2109 2327 oratio,
2198 2267 2455 2340 Vereor,
2511 2284 2578 2325 ne

366 2354 701 2413 imminuam
767 2372 1133 2414 summorum·
1180 2357 1433 2416 virorum
1505 2357 1777 2429 gloriam,
1860 2355 2050 2414 dicam
2124 2361 2321 2414 tamen
2384 2354 2572 2413 dolore

369 2447 706 2500 commotus..
789 2442 937 2513 Quid
981 2443 1272 2517 indignius
1315 2461 1491 2517 quam
1509 2438 1563 2525 4)
1607 2445 1802 2503 vivere
1864 2461 2000 2502 eum
2018 2488 2041 2518 ‚
2094 2444 2191 2515 qui
2245 2443 2575 2515 imposuerit

367 2529 661 2603 diadema,
716 2547 845 2588 cum
899 2548 1097 2592 omnes
1156 2530 1456 2592 fateantur
1511 2533 1640 2590 iure
1685 2529 2058 2590 interfectum
2104 2546 2232 2589 esse
2280 2532 2383 2602 qui
2427 2530 2574 2588 abie-

264 2612 345 2671 87
367 2619 556 2677 cerit?
644 2620 724 2677 At
755 2619 1210 2678 etiam-adscribi
1241 2620 1411 2678 iussit
1437 2622 1498 2677 in
1528 2618 1693 2678 fastis
1725 2619 1798 2677 ad
1827 2619 2203 2692 Lupercalia:
2238 2617 2303 2676 C.
2328 2616 2573 2688 Caesari,

365 2706 638 2766 dictatori
676 2712 960 2779 perpetuo
978 2751 994 2780 ,
1053 2707 1136 2764 M.
1178 2708 1496 2766 Antonium
1557 2709 1849 2766 consulem
1906 2706 2103 2780 populi
2141 2706 2304 2765 iussu
2344 2721 2574 2779 regnum

366 2794 674 2866 detulisse,
726 2792 1062 2853 Caesarem·
1095 2796 1182 2853 uti
1241 2796 1515 2855 noluisse.
1618 2796 1773 2867 Iam,
1828 2796 1944 2853 iam
1996 2795 2231 2852 minime
2288 2795 2465 2853 miror
2517 2795 2574 2848 te

364 2882 543 2940 otium
587 2881 965 2956 perturbare;
1024 2899 1141 2941 non
1205 2882 1375 2940 modo
1434 2883 1636 2943 urbem
1694 2883 1917 2956 odisse,
1977 2882 2081 2940 sed
2143 2882 2329 2940 etiam
2366 2883 2579 2951 lucem3

365 2986 496 3027 cum
546 2969 950 3043 perditissimis
1010 2970 1331 3029 latronibus
1396 2987 1513 3029 non
1574 2971 1758 3029 solum
1817 2970 1890 3029 de
1951 2970 2072 3043 die,
2134 2968 2239 3028 sed
2294 2970 2469 3028 etiam
2521 2967 2577 3022 in

363 3057 520 3117 diem
565 3058 779 3116 vivere.
867 3057 981 3118 Ubi
1029 3058 1184 3116 enim
1226 3064 1289 3115 tu
1332 3058 1397 3115 in
1440 3075 1587 3132 pace
1633 3058 1956 3117 consistes?
2020 3058 2118 3129 qui
2164 3057 2328 3115 locus
2374 3056 2479 3116 tibi
2520 3055 2578 3111 in

363 3145 590 3219 legibus
638 3151 699 3203 et
743 3145 805 3202 in
851 3145 1076 3203 iudiciis
1116 3161 1245 3204 esse
1281 3152 1503 3220 potest,
1564 3162 1715 3218 quae
1761 3152 1852 3220 tn,
1914 3146 2314 3218 quantumin
2359 3150 2419 3203 te
2459 3140 2580 3213 fuit,

363 3234 663 3292 dominatu
719 3233 886 3306 regio
944 3234 1266 3291 sustulisti?
1363 3234 1582 3292 Ideone
1637 3233 1704 3291 L.
1759 3233 2111 3306 Tarquinius
2179 3237 2417 3292 exactus
2479 3234 2580 3299 est,

362 3320 457 3395 Sp.
500 3321 764 3394 CassiuS,
826 3320 919 3393 Sp,
966 3321 1219 3384 Maelius
1240 3313 1319 3401 ⁵),
1380 3322 1460 3380 M.
1505 3321 1761 3380 Manlius
1821 3322 2048 3395 necati,
2112 3327 2178 3380 ut
2220 3321 2418 3380 multis
2461 3320 2584 3391 post

544 3508 596 3572 1)
637 3505 817 3558 Verba
852 3502 912 3555 id
947 3509 1026 3557 est
1064 3532 1131 3541 -
1168 3508 1442 3571 appareat
1481 3503 1603 3558 incl.
1642 3503 1865 3573 Campe,
1914 3504 2102 3573 Halm,
2152 3502 2250 3557 cfr.
2291 3501 2351 3559 Ο.
2391 3500 2582 3554 Miiller

365 3576 548 3629 Herm.
587 3575 661 3637 X,
701 3574 821 3629 120.
1035 3573 1092 3640 2)
1127 3589 1229 3641 que
1264 3574 1418 3627 deest
1463 3576 1520 3627 in
1563 3574 1715 3629 codd.
1753 3575 1974 3644 optimis
2010 3563 2067 3628 et
2104 3574 2263 3641 vulgo
2300 3571 2581 3626 omittitur

366 3646 422 3710 3)
459 3650 522 3696 ut
570 3644 732 3710 facile
777 3642 1005 3697 servires
1053 3660 1173 3697 une.
1219 3644 1345 3697 incl.
1394 3644 1686 3698 Eberhard.
1896 3646 1955 3712 4)
2005 3644 2468 3712 Indiym'ssimum
2510 3641 2583 3691 est

367 3713 543 3765 vivere
580 3729 702 3765 eum
738 3713 990 3775 Schuetz,
1030 3718 1092 3767 ut
1127 3714 1322 3767 maluit
1347 3714 1534 3768 Cicero
1561 3716 1660 3784 Ep.
1698 3715 1765 3768 ad
1798 3716 1963 3771 Attio.
1988 3714 2120 3769 XVI
2158 3716 2241 3768 11.
2420 3708 2584 3788 5)SiG

369 3781 616 3848 Madvig,
655 3782 834 3849 quod
819 3799 876 3833 ln
902 3784 1028 3836 Vat.
1060 3786 1142 3836 est
1160 3785 1365 3851 purius
1397 3783 1651 3852 Cassiae,
1680 3785 1915 3849 Melius3
1953 3786 2117 3852 vulgo
2142 3784 2334 3852 Spmi
2361 3778 2582 3837 Cassius

371 3849 592 3902 Melius,
663 3867 712 3902 v.
747 3859 777 3915 ς
812 3854 929 3905 114.
1002 3860 1079 3906 est
1115 3857 1238 3920 post
1272 3859 1498 3907 emactus
1535 3854 1657 3910 add.
1694 3825 1935 3924 Madvig.
