2669 4354
905 244 974 282 m
1025 242 1372 283 cummim.
1915 230 1920 235 “
2161 227 2238 284 91

77 427 270 492 ceptum
327 421 502 478 ullum
549 425 887 477 conatumve
945 425 1145 477 contra
1202 420 1451 492 patriam
1512 419 1978 493 deprehendere,
2033 421 2249 480 sentiet

77 511 119 565 in
154 510 253 567 hac
291 509 432 567 urbe
481 524 610 566 esse
659 506 922 565 consules
969 508 1273 579 vigilantes
1291 552 1306 579 ,
1373 523 1499 565 esse
1546 508 1914 578 magistratus
1962 509 2246 588 egregios,

80 614 177 655 esse
226 597 431 654 fortem
488 601 778 669 senatum,
843 611 969 653 esse
1015 612 1201 667 arma,
1265 611 1394 653 esse
1449 611 1769 668 carcerem,
1841 612 2008 667 quem
2063 596 2248 653 vindi-

79 702 175 742 cem
230 684 577 742 nefariorum
640 700 707 741 ac
768 682 1196 741 manifestorum
1259 685 1546 741 scelerum
1602 682 1852 742 maiores
1895 677 2076 741 nostri
2119 700 2247 743 esse

80 773 355 831 voluerunt.

248 863 438 933 Atque
485 861 630 918 haec
676 860 867 918 omnia
911 862 996 917 sic
1042 864 1349 947 agentur&
1381 858 1661 932 Quirites,
1719 865 1782 916 ut
1827 860 2107 917 maximae
2152 877 2248 918 res
2266 850 2352 917 13

78 948 273 1008 minimo
316 954 508 1020 motu,
567 949 830 1022 pericula
875 963 1094 1005 summa
1140 947 1295 1004 nullo
1342 946 1615 1020 tumultu,
1665 948 1874 1005 bellum
1911 948 2250 1007 intestinum
2270 946 2350 1003 28

76 1054 129 1093 ac
163 1037 531 1096 domesticum
573 1042 704 1110 post
749 1035 1040 1094 hominum
1086 1034 1422 1093 memoriam
1469 1034 1921 1094 crudelissimum
1968 1041 2029 1095 et
2073 1038 2251 1094 maxi-

75 1143 197 1182 mum
247 1143 339 1184 me
401 1142 516 1183 uno
573 1129 770 1198 togato
827 1124 973 1181 duce
1029 1130 1089 1182 et
1144 1124 1496 1195 imperatore
1561 1123 1812 1181 sedetur.
1920 1124 2084 1196 Quod
2141 1141 2250 1197 ego

74 1214 138 1268 sic
173 1214 607 1284 administrabo,
680 1212 966 1283 QuiriteS,
1042 1218 1131 1284 ut,
1204 1210 1253 1267 si
1309 1212 1427 1268 ullo
1474 1211 1640 1278 modo
1684 1209 1811 1269 fieri
1859 1213 2103 1286 poterit,
2177 1230 2250 1272 ne

72 1302 330 1373 improbus
389 1302 618 1373 quidem
679 1301 977 1372 quisquam
1035 1300 1095 1357 in
1157 1299 1266 1357 hac
1336 1298 1476 1356 urbe
1544 1316 1791 1372 poenam
1858 1299 1945 1357 sui
2016 1301 2254 1363 sceleris

72 1388 291 1448 sufferat.
406 1389 523 1447 Sed
569 1391 617 1446 si
661 1389 754 1446 vis
790 1388 1132 1446 manifestae
1179 1387 1487 1461 audaciae,
1553 1389 1601 1444 si
1645 1387 1984 1460 impendens
2027 1390 2254 1461 patriae

69 1493 132 1560 pe
162 1480 205 1535 'c
265 1496 357 1536 um
414 1496 507 1535 me
560 1475 893 1534 necessario
934 1476 1005 1535 de
1054 1477 1160 1533 hac
1207 1475 1384 1532 animi
1426 1476 1668 1534 lenitate
1715 1475 2051 1550 deduxerit,
2109 1476 2254 1536 illud

70 1582 158 1636 pro
182 1584 242 1624 ec
358 1563 683 1638 perficiam,
760 1564 914 1637 quod
973 1565 1032 1621 in
1091 1568 1253 1621 tanto
1314 1570 1376 1620 et
1429 1568 1548 1621 tam
1608 1562 1884 1623 insidioso
1944 1565 2098 1623 bello
2158 1565 2254 1622 vix

69 1655 351 1724 optandum
392 1655 648 1726 videtur,
709 1658 771 1710 ut
814 1665 1003 1723 neque
1047 1652 1227 1709 bonus
1275 1652 1573 1723 quisquam
1617 1628 1802 1709 ffitei
1761 1659 1870 1710 eat
1913 1669 2254 1725 paucorum-

70 1758 163 1812 que
217 1760 402 1815 poena
458 1758 560 1799 vos
617 1756 814 1798 omnes
877 1740 1018 1797 salvi
1076 1756 1203 1798 esse
1264 1740 1512 1811 possitis.
1624 1738 1784 1810 Quae
1852 1741 2082 1812 quidem
2142 1757 2252 1814 ego
2273 1735 2353 1792 29

70 1847 233 1902 neque
291 1847 423 1889 mea
479 1828 794 1903 prudentia
842 1845 1032 1899 neque
1087 1826 1351 1885 humanis
1413 1827 1669 1885 consiliis
1736 1826 1917 1886 fretus
1970 1829 2254 1901 polliceor

71 1917 233 1990 vobis,
295 1918 581 1992 QuiriteS,
642 1917 746 1974 sed
800 1915 993 1973 multis
1041 1921 1100 1973 et
1157 1932 1272 1973 non
1314 1915 1502 1974 dubiis
1556 1915 1795 1974 deorum
1847 1918 2252 1975 immortalium

73 2005 562 2079 significationibus
582 2051 597 2077 ,
659 2004 862 2077 quibus
919 2021 1027 2077 ego
1071 2003 1314 2061 ducibus
1360 2005 1420 2059 in
1478 2004 1628 2062 hanc
1673 2020 1835 2077 spem
1877 2004 2253 2062 sententiam-

74 2111 162 2163 que
202 2112 319 2152 sum
373 2096 697 2167 ingressus:
757 2093 854 2165 qui
899 2092 1016 2150 iam
1062 2110 1175 2150 non
1226 2093 1454 2165 procul,
1515 2098 1578 2149 ut
1632 2092 1917 2163 quondam
1971 2093 2251 2167 solebant,

77 2184 132 2238 ab
168 2191 403 2242 externo
460 2185 624 2241 hoste
670 2187 841 2253 atque
899 2182 1238 2254 longinquO,
1300 2180 1404 2239 sed
1460 2181 1553 2237 hic
1602 2187 1943 2254 praesentes
1989 2198 2092 2240 suo
2148 2200 2254 2241 nu-

81 2271 203 2329 mine
246 2279 419 2344 atque
471 2270 686 2328 auxilio
732 2286 835 2327 sua
894 2270 1112 2341 templa
1173 2273 1348 2340 atque
1407 2268 1564 2327 urbis
1623 2274 1780 2327 tecta
1837 2268 2157 2328 defendunt
2178 2271 2251 2343 1).

80 2375 187 2428 quos
253 2377 384 2434 vos,
455 2358 742 2431 QuiriteS,
817 2359 1077 2430 precari,
1148 2358 1417 2415 venerari
1478 2357 1786 2429 implorare
1846 2358 2098 2432 debetiS‚
2171 2364 2254 2433 ut,

73 2463 218 2517 quam
258 2448 459 2506 urbem
527 2446 971 2518 pulcherrimam
1031 2427 1610 2517 florentissimamque
1632 2438 1683 2522 2)
1746 2462 1873 2504 esse
1933 2448 2254 2521 voluerunt,

72 2534 189 2593 hanc
240 2535 506 2594 omnibus
565 2534 808 2590 hostium
855 2534 1032 2604 copiis
1099 2538 1258 2590 terra
1318 2534 1579 2605 marique
1644 2535 1931 2605 superatis
1977 2551 2013 2593 a
2061 2534 2255 2608 perdi-

70 2624 390 2683 tissimorum
437 2622 652 2680 civium
698 2621 922 2679 nefario
970 2620 1193 2679 scelere
1242 2620 1572 2680 defendant.

182 2862 231 2927 1)
270 2856 566 2926 defendent
602 2855 746 2908 codd.
787 2854 1022 2922 aliquot,
1063 2871 1165 2908 rec.
1205 2854 1384 2906 Halm.
1585 2853 1639 2919 2)
1688 2852 2128 2919 florentissimam
2155 2870 2256 2920 po-

73 2930 507 2996 tentissimamque
545 2926 689 2979 codd.
730 2943 832 2978 non
875 2925 1024 2977 nulli.
