2669 4354
665 246 884 289 omno
927 247 1015 286 111.
1058 246 1127 286 nv
1169 245 1521 287 mmmm.
2125 229 2208 286 93

196 425 493 498 Principio,
556 431 620 482 ut
665 423 915 483 Catilina
970 423 1171 495 paucis
1228 431 1366 482 ante
1425 422 1628 481 diebus
1685 424 1879 497 erupit
1931 440 2002 482 ex
2044 423 2209 496 urbe,

70 530 159 570 cum
202 514 420 572 sceleris
477 515 563 571 sui
619 514 833 585 sociOS,
883 511 1122 569 huiusce
1176 511 1391 570 nefarii
1450 511 1591 570 belli
1645 513 1958 570 acerrimos
2012 512 2210 585 duces,

70 601 231 658 Romae
282 602 631 674 reliquisset,
689 615 919 673 semper
976 600 1209 673 vigilavi
1267 605 1327 657 et
1382 600 1633 673 providi,
1698 600 1979 671 QuiriteS,
2039 615 2211 672 quem

68 689 117 745 ad
150 690 349 748 modum
395 691 454 747 in
506 690 683 748 tantis
730 692 790 747 et
848 694 967 746 tam
1014 688 1363 746 absconditis
1416 688 1642 746 insidiis
1698 689 1840 747 salvi
1895 703 2025 746 esse
2083 703 2212 760 pos-

68 793 220 835 semus,
317 779 460 836 Nam
518 784 667 851 tum,
732 794 863 834 cum
920 793 992 834 ex
1045 776 1189 834 urbe
1251 775 1561 834 Catilinam
1618 776 1901 835 eiciebam
1959 808 2041 816 —
2096 768 2271 835 non2

69 866 176 921 enim
237 868 343 924 iam
408 882 614 925 vereor
678 865 847 922 huiu's
914 863 1077 923 verbi
1142 863 1420 923 invidiam
1437 908 1453 938 ,
1530 881 1658 922 cum
1717 865 1819 923 illa
1885 864 2068 937 magis
2136 864 2213 922 sit

67 954 290 1027 timenda,
343 954 490 1027 quod
531 957 693 1019 vivus
753 953 962 1011 exierit
1007 984 1087 992 —
1104 997 1119 1025 ,
1177 951 1281 1011 sed
1325 957 1475 1025 tum,
1540 969 1669 1010 cum
1718 953 1881 1010 illum
1940 952 2212 1010 extermi-

65 1043 155 1098 nari
193 1044 437 1101 volebam
451 1088 467 1116 ,
526 1047 629 1100 aut
688 1042 968 1114 reliquam
1023 1041 1451 1099 coniuratorum
1510 1057 1740 1098 manum
1801 1042 1969 1098 simul
2027 1041 2210 1099 exitu-

68 1145 154 1186 ram
202 1137 292 1188 aut
341 1148 469 1204 eos,
537 1131 633 1203 qui
690 1130 1043 1189 restitissent
1062 1122 1139 1207 1),
1212 1127 1470 1186 infirmos
1526 1130 1651 1187 sine
1701 1129 1804 1187 illo
1865 1145 1933 1187 ac
1991 1128 2213 1186 debiles

68 1216 156 1273 fore
199 1220 472 1291 putabam.
575 1220 767 1290 Atque
831 1233 967 1290 ego,
1046 1222 1110 1274 ut
1154 1215 1298 1290 vidi,
1374 1233 1516 1288 quos
1579 1218 1823 1276 maximo
1890 1216 2084 1275 furore
2155 1220 2217 1274 et
2233 1219 2274 1276 4

69 1305 238 1365 scelere
279 1324 401 1365 esse
445 1305 827 1365 inflammatos
872 1305 1126 1362 sciebam
1143 1350 1159 1378 ,
1223 1320 1319 1363 eos
1366 1305 1664 1363 nobiscum
1707 1322 1834 1364 esse
1891 1310 1951 1363 et
1993 1305 2216 1363 Romae

69 1396 376 1468 remansisse,
451 1397 511 1454 in
575 1412 646 1453 eo
705 1409 904 1452 omnes
949 1393 1072 1450 dies
1134 1398 1448 1465 noctesque
1506 1394 1860 1467 consumpsi,
1923 1398 2019 1467 ut,
2080 1392 2217 1466 quid

69 1489 287 1558 agerent,
348 1484 484 1558 quid
542 1484 909 1555 molirentur,
978 1482 1254 1539 sentirem
1313 1496 1384 1539 ac
1439 1480 1723 1554 viderem,
1787 1487 1881 1555 ut,
1948 1481 2219 1554 quoniam

68 1570 247 1629 auribus
286 1574 490 1630 vestris
548 1575 787 1644 propter
842 1569 1243 1628 incredibilem
1302 1569 1758 1642 magnitudinem
1812 1570 2051 1629 sceleris
2110 1570 2216 1627 mi-

68 1673 217 1715 norem
254 1658 418 1718 fidem
477 1661 704 1718 faceret
758 1659 944 1716 oratio
990 1673 1121 1715 mea
1137 1702 1151 1728 ,
1208 1673 1333 1715 rem
1385 1658 1470 1715 ita
1516 1658 2096 1731 comprehenderem,
2152 1663 2218 1716 ut

68 1751 153 1802 tum
189 1747 396 1806 demum
444 1748 653 1806 animis
698 1747 874 1805 saluti
903 1752 1134 1805 vestrae
1176 1745 1562 1819 provideretis
1580 1791 1595 1818 ,
1641 1762 1770 1804 cum
1817 1746 1997 1804 oculis
2038 1746 2218 1803 male-

68 1830 208 1891 ficium
255 1836 433 1908 ipsum
485 1835 784 1894 videretis.
890 1833 1090 1906 Itaque
1146 1840 1212 1891 ut
1266 1835 1518 1907 comperi
1575 1835 1797 1906 legatos
1841 1834 2216 1906 Allobrogum

71 1920 170 1978 belli
204 1922 559 1998 Transalpini
613 1929 675 1981 et
716 1923 993 1980 tumultus
1038 1921 1248 1981 Gallici
1304 1921 1593 1980 excitandi
1639 1938 1814 1980 causa
1874 1939 1910 1980 a
1954 1921 2020 1979 P.
2063 1921 2217 1978 Len-

73 2008 155 2065 tulo
191 2027 302 2070 esse
344 2013 687 2071 sollicitatos
729 2026 941 2083 eosque
984 2012 1047 2068 in
1090 2009 1341 2068 Galliam
1394 2010 1469 2068 ad
1522 2027 1654 2068 suos
1700 2011 1856 2069 cives
1902 2011 2219 2081 eodemque

74 2094 228 2155 itinere
289 2097 446 2177 [cum
514 2100 727 2157 litteris
795 2094 1228 2173 mandatisque]
1251 2092 1302 2181 2)
1349 2098 1421 2156 ad
1470 2096 1777 2157 Catilinam
1824 2114 1951 2157 esse
2018 2099 2220 2157 missos

76 2187 381 2262 comitemque
452 2190 525 2247 iis
592 2189 925 2246 adiunctum
990 2203 1117 2246 esse
1172 2187 1237 2243 T.
1291 2188 1649 2245 Volturcium
1714 2193 1888 2260 atque
1942 2188 2077 2246 huic
2144 2186 2219 2245 ad

82 2270 314 2335 Catilinam
333 2271 384 2354 ⁸)
432 2293 564 2336 esse
609 2276 774 2334 datas
819 2276 1044 2333 litteras
1063 2321 1077 2347 ,
1144 2274 1483 2334 facultatem
1526 2277 1664 2334 mihi
1711 2276 1964 2334 oblatam
2004 2276 2220 2349 putavi,

79 2366 136 2430 ut,
183 2365 315 2435 quod
373 2371 504 2424 erat
568 2363 966 2421 difficillimum
1024 2363 1290 2435 quodque
1362 2381 1469 2436 ego
1528 2380 1759 2437 semper
1818 2363 2086 2436 optabam
2148 2361 2220 2421 ab

75 2445 133 2502 dis
176 2451 608 2524 immortalibuS,
674 2457 796 2510 tota
816 2447 872 2529 4)
933 2468 1028 2509 res
1087 2468 1201 2509 non
1259 2453 1441 2510 solum
1504 2468 1539 2509 a
1596 2469 1725 2525 me,
1790 2452 1893 2510 sed
1954 2453 2130 2512 etiam
2186 2467 2222 2509 a

78 2543 230 2596 senatu
269 2547 325 2598 et
370 2558 405 2599 a
450 2541 615 2599 vobis
670 2540 974 2598 manifesto
1021 2539 1573 2613 deprehenderetur.
1680 2541 1885 2613 Itaque
1949 2542 2222 2598 hesterno
2242 2542 2278 2600 5

75 2620 135 2680 die
182 2625 237 2684 L.
276 2630 551 2687 Flaccum
611 2634 671 2686 et
729 2626 791 2684 C.
833 2629 1195 2700 Pomptinum
1248 2633 1584 2702 praetoreS,
1644 2628 1987 2686 fortissimos
2048 2632 2220 2700 atque

76 2716 426 2775 amantissimos
482 2718 575 2774 rei
626 2716 893 2789 publicae
941 2718 1120 2789 viros»,
1181 2717 1255 2774 ad
1298 2733 1391 2774 me
1436 2717 1662 2789 vocavi,
1724 2732 1848 2774 rem
1871 2709 1923 2793 ⁵)
1965 2716 2223 2789 exposui,

73 2799 167 2866 (luid
220 2801 339 2863 fieri
402 2806 703 2879 placeret,
783 2804 1023 2862 ostendi.
1139 2804 1234 2861 Illi
1302 2809 1524 2877 autem,
1603 2806 1700 2876 qui
1762 2804 1955 2862 omnia
2018 2803 2092 2862 de
2156 2819 2268 2860 rea

71 2885 245 2952 publica
297 2894 601 2965 praeclara
662 2898 836 2963 atque
883 2892 1120 2965 egregia
1178 2893 1491 2966 sentirent,
1551 2893 1676 2949 sine
1734 2892 2100 2950 recusatione
2154 2906 2225 2949 ac

72 2972 157 3032 sine
196 2980 306 3036 ulla
356 2997 520 3039 mora
571 2981 865 3052 negotium
922 2987 1301 3053 susceperunt
1361 2986 1445 3053 et,
1501 2996 1629 3038 cum
1693 2981 2224 3053 advesperasceret,

72 3064 242 3124 occulte
283 3069 352 3125 ad
398 3073 637 3142 pontem
681 3068 959 3125 Mulvium
1004 3074 1399 3140 pervenerunt
1458 3072 1632 3140 atque
1695 3068 1777 3126 ibi
1836 3068 1896 3124 in
1950 3066 2225 3140 proximis

75 3148 177 3208 villis
226 3155 303 3211 ita
359 3157 636 3229 bipertito
681 3155 945 3228 fuerunt,
1006 3162 1072 3213 ut
1116 3156 1345 3214 Tiberis
1389 3157 1544 3214 inter
1589 3173 1689 3214 eos
1737 3162 1796 3214 et
1839 3171 1983 3229 pons
2042 3156 2223 3213 inter-

73 3244 198 3296 esset.
299 3243 521 3303 Eodem
571 3249 763 3301 autem
821 3249 881 3301 et
933 3245 1044 3316 ipsi
1090 3245 1214 3302 sine
1262 3245 1598 3316 cuiusquam
1656 3244 1978 3317 suspicione
2018 3244 2225 3302 multos

71 3318 204 3385 fortes
240 3331 385 3389 viros
427 3332 785 3404 eduxerant,
833 3338 891 3390 et
937 3349 1045 3405 ego
1091 3348 1163 3389 ex
1202 3332 1574 3405 praefectura
1609 3332 1861 3391 Reatina
1905 3333 2226 3405 complures

72 3406 277 3475 delectos
326 3418 755 3494 adulescentes,
809 3437 1050 3493 quorum
1096 3436 1276 3493 opera
1320 3427 1453 3478 utor
1499 3420 1736 3478 adsidue
1781 3422 1844 3478 in
1889 3421 1977 3478 rei
2039 3420 2226 3494 publi-

178 3632 223 3698 1)
255 3635 635 3689 remansissent
671 3652 791 3689 cum
840 3635 990 3690 codd.
1042 3634 1362 3705 quibusdam
1397 3635 1574 3690 Klotz.
1755 3636 1809 3703 2)
1860 3635 1992 3690 Unc.
2044 3635 2229 3703 posuit

74 3689 214 3763 Meyer
244 3703 338 3758 Rh.
384 3706 455 3761 M.
490 3705 657 3770 XXV,
697 3708 815 3760 175.
852 3706 1040 3770 Halm,
1088 3705 1382 3760 Eberhard.
1560 3707 1613 3773 3)
1653 3706 1730 3759 ad
1767 3705 2071 3760 Catilinam
2106 3722 2227 3759 unc.

75 3760 220 3842 ineius.
254 3774 490 3846 Richter,
536 3776 824 3833 Eberhard.
1036 3777 1093 3846 4)
1147 3782 1211 3829 ut
1258 3779 1384 3831 ante
1432 3781 1548 3829 tota
1594 3776 1715 3831 add.
1764 3776 1915 3831 codd.
1965 3777 2225 3846 plerique.

79 3837 114 3898 θ)
142 3838 284 3897 Multi
317 3846 456 3903 codd.
491 3862 602 3901 rem
638 3863 863 3903 omnem.
