2669 4354
834 970 1450 1047 ORATIO

1078 1125 1210 1170 PRO
1267 1145 1274 1151 ·

208 1263 286 1344 A.
385 1262 888 1346 Licinio
993 1263 1487 1347 ARCHIA
1584 1222 2105 1356 PoE'TAf‘)

484 1537 1228 1602 ARGVMENTVM
1300 1539 1816 1606 ERNESTII.

69 1673 389 1741 A.„.,Licinius
426 1676 651 1730 Archias
697 1678 803 1730 fuit
843 1678 1230 1743 AntiochenuS‚
1294 1679 1390 1746 qui
1434 1694 1555 1732 cum
1602 1680 1806 1748 poetica
1849 1680 2064 1735 floreret
2098 1683 2256 1737 laude

128 1746 177 1795 et
214 1746 274 1797 ab
312 1747 550 1800 omnibus
603 1764 770 1818 paene
820 1748 1010 1801 Italiae
1059 1748 1269 1816 populis
1321 1751 1655 1819 expeteretur
1699 1750 2065 1821 imprimisque
2113 1753 2255 1823 apud

126 1816 369 1883 principes
407 1818 667 1886 quosdam
700 1819 968 1872 Romanos
1019 1822 1161 1872 esset
1207 1819 1509 1886 gratiosae,
1557 1821 1718 1873 etiam
1753 1821 1849 1873 hoc
1886 1837 2066 1876 eorum
2101 1840 2257 1891 opera

126 1891 414 1941 consecutus
451 1891 558 1954 est,
607 1892 668 1941 ut
713 1888 928 1943 civitate
962 1889 1203 1943 Romana
1235 1888 1536 1942 donaretur.
1611 1890 1713 1943 Sed
1754 1891 1803 1944 ei
1839 1894 2254 1948 controversiam

127 1954 184 2006 de
233 1957 442 2012 civitate
501 1962 688 2025 postea
735 1960 898 2013 movit
950 1957 1169 2013 Gratius
1225 1960 1442 2026 quidam
1495 1976 1717 2028 eumque
1765 1978 1914 2015 reum
1962 1962 2088 2015 fecit
2137 1965 2255 2033 lege

122 2025 321 2080 Plautia
343 2029 562 2099 Papiria
599 2030 663 2083 de
697 2029 944 2093 civitate,
986 2046 1090 2097 qua
1127 2033 1342 2083 cautum
1380 2033 1519 2096 erat,
1557 2033 1647 2096 ut,
1687 2032 1778 2099 qui
1813 2031 2091 2086 foederatis
2124 2035 2255 2087 civi-

14 2124 15 2133 1
123 2098 313 2151 tatibus
364 2100 588 2169 ascripti
635 2102 841 2165 essent,
890 2101 936 2153 si
971 2102 1117 2162 tum,
1166 2117 1287 2153 cum
1322 2101 1409 2152 lex
1445 2102 1739 2163 ferebatur,
1790 2103 1844 2155 in
1887 2103 2052 2155 Italia
2089 2103 2254 2158 domi-

124 2165 288 2222 cilium
331 2170 651 2225 habuissent
699 2173 756 2225 et
801 2170 893 2224 LX
944 2170 1130 2224 diebus
1174 2169 1314 2241 apud
1369 2175 1666 2238 praetorem
1701 2175 1880 2226 essent
1916 2173 2167 2241 professi,
2214 2176 2255 2229 ii

123 2237 317 2294 demum
352 2243 494 2295 cives
534 2242 876 2295 haberentur.
949 2242 1127 2295 Huius
1164 2241 1333 2308 igitur
1371 2258 1532 2295 causa
1569 2248 1819 2311 suscepta
1855 2245 2059 2308 Cicer0,
2113 2262 2254 2299 com-

121 2315 395 2365 memorata
440 2312 673 2366 Archiae
729 2329 908 2365 secum
971 2315 1026 2365 et
1075 2328 1194 2364 cum
1247 2312 1467 2365 summis
1514 2314 1819 2367 hominibus
1867 2314 2252 2379 familiaritate,

123 2381 284 2434 omnia
337 2382 637 2436 adversarii
696 2385 1016 2449 argumenta
1061 2382 1221 2435 diluit
1269 2399 1332 2435 ac
1383 2383 1609 2446 refellit,
1669 2383 1763 2436 sed
1815 2385 2005 2439 leviter
2056 2389 2111 2439 et
2147 2404 2251 2439 non

14 2509 15 2512 Ἴ
121 2449 213 2503 nisi
272 2453 652 2522 perfunctorie.
742 2454 928 2523 Itaque
984 2455 1044 2505 ut
1098 2454 1272 2506 iustae
1328 2455 1587 2507 orationis
1639 2471 1944 2508 mensuram
1996 2457 2253 2524 impleret,

14 2555 15 2566 2
121 2521 331 2590 arripuit
379 2524 714 2577 occasionem
758 2540 876 2577 cum
921 2524 977 2575 in
1016 2522 1367 2576 humanitatis
1406 2524 1766 2592 imprimisque
1806 2526 2046 2593 poeticae
2082 2527 2253 2581 facul-

120 2591 262 2654 tatis,
306 2597 424 2647 tum
459 2595 517 2647 in
553 2594 723 2663 ipsius
760 2594 992 2647 Archiae
1038 2592 1222 2647 laudes
1261 2593 1619 2662 digrediendi,
1671 2595 2012 2666 ostenditque
2047 2597 2253 2666 dignis-

14 2693 15 2728 1
120 2660 298 2716 simum
334 2666 559 2718 civitate
598 2665 841 2717 Romana
876 2663 1131 2718 Archiam
1167 2681 1297 2717 esse.

14 2991 15 2998 ¹
67 2915 131 3033 Si
197 2979 333 3051 quid
402 2985 494 3037 est
560 2980 623 3036 in
688 2996 778 3038 me
846 2981 1095 3053 ingenii,
1158 2980 1414 3052 iudiceS,
1484 2979 1636 3052 quod
1696 2981 1883 3038 sentio
1941 2998 2112 3053 quam
2180 2969 2314 3041 sitl

14 3083 17 3166 ἱ
67 3067 337 3140 exiguum,
400 3074 505 3125 aut
553 3068 601 3125 si
647 3084 759 3140 qua
805 3069 1148 3126 exercitatio
1193 3067 1461 3141 dicendi,
1504 3068 1566 3124 in
1609 3084 1723 3140 qua
1769 3086 1860 3127 me
1892 3086 2008 3127 non
2037 3067 2256 3128 infitior
2278 3066 2309 3120 1

14 3181 15 3208 ;
65 3156 410 3214 mediocriter
470 3171 600 3214 esse
661 3161 988 3229 versatum,
1047 3161 1149 3214 aut
1207 3157 1255 3213 si
1310 3156 1552 3214 huiusce
1611 3158 1701 3215 rei
1744 3157 1896 3215 ratio
1943 3157 2137 3230 aliqua
2181 3158 2255 3216 ab

14 3297 15 3300 ,
65 3246 382 3314 optimarum
425 3244 639 3302 artium
686 3244 890 3301 studiis
932 3260 1001 3301 ac
1047 3243 1351 3317 disciplina
1393 3243 1691 3317 profecta,
1739 3261 1774 3302 a
1818 3262 1933 3318 qua
1978 3262 2085 3317 ego
2131 3248 2259 3304 nul-

14 3361 17 3436 γ
214 3414 265 3480 *)
303 3412 580 3468 Ciceronis
619 3412 758 3466 hanc
791 3428 908 3465 esse
947 3413 1243 3465 orationem
1278 3412 1497 3481 negavit
1534 3414 1853 3481 personatus
1887 3412 1981 3467 ille
2007 3414 2079 3467 M.
2109 3414 2168 3467 C.
2198 3416 2261 3472 B.

68 3484 107 3548 (i.
139 3502 176 3541 e.
234 3485 581 3539 Schroeterus
607 3527 619 3549 ‚
674 3484 823 3537 Ictus
867 3483 1243 3549 DorpatensiS,
1297 3484 1356 3536 in
1410 3483 1665 3550 peculiari
1713 3484 1961 3538 orationis
2012 3485 2262 3550 editione,

66 3571 169 3623 quae
216 3557 434 3626 Lipsiae
488 3554 689 3625 prodiit
734 3571 781 3607 a.
835 3552 1011 3618 1818.)
1085 3553 1214 3606 Eam
1267 3553 1470 3606 rhetori
1520 3554 1858 3624 imperatoris
1897 3554 2108 3610 Tiberii
2150 3557 2262 3611 fere

66 3627 249 3697 aequali
300 3625 639 3681 tribuendam
693 3640 806 3678 esse
855 3623 1051 3678 statuit
1089 3622 1145 3677 G.
1187 3623 1329 3676 Guil.
1368 3623 1712 3678 Buechnerus
1748 3624 1956 3680 duabus
1996 3644 2260 3681 commen-

14 3697 15 3716 *
66 3697 335 3751 tationibus
373 3696 588 3750 Suerini
635 3712 682 3748 a.
732 3695 885 3749 1839,
930 3698 984 3748 et
1030 3695 1182 3748 1841.
1234 3693 1410 3747 editis.
1483 3694 1851 3749 Adversantur
1886 3697 1987 3751 tali
2025 3698 2262 3769 opinioni

14 3745 15 3830 1
66 3774 246 3833 praeter
273 3768 385 3821 alia
411 3768 736 3835 gravissima
765 3764 970 3826 Taciti,
1010 3764 1268 3830 Senecae,
1309 3764 1633 3829 Quintiliani
1658 3767 1991 3834 testimonia,
2034 3773 2089 3822 et
2119 3769 2261 3822 refu-

14 3837 17 3920 j
67 3838 178 3893 tavit
214 3840 433 3893 illorum
465 3853 640 3905 nugas
677 3840 726 3891 J.
764 3836 1085 3901 Lattmann,
1128 3835 1374 3904 Gotting.
1415 3835 1568 3891 1847.

133 3943 218 3987 Oic.
249 3943 390 3986 Oratt.
424 3941 531 3984 Sell.
1804 3932 1841 3989 8
