2669 4354
922 205 1036 246 PRO
1079 204 1353 247 MVRENA.
2085 190 2246 279 J2Q

78 380 200 438 ribus
242 386 299 438 et
338 380 611 453 periculis
668 382 1034 438 sustentata?
1139 380 1356 451 Quodsi
1410 380 1473 438 in
1528 381 1612 438 613
1662 380 1836 437 rebus
1893 381 2278 453 1611616111113,1

80 485 194 541 quae
235 470 483 540 mancipi
529 474 689 541 sunt,
735 469 784 525 is
828 469 1147 541 periculum
1192 469 1395 527 iudicii
1438 473 1737 541 praestare
1786 468 1992 542 debet,
2040 471 2141 542 qui
2186 474 2278 545 se{

78 575 195 615 nexu
251 558 550 631 obligavit,
624 554 884 628 profecto
955 557 1134 614 etiam
1190 558 1406 614 rectius
1464 557 1525 613 in
1575 557 1789 615 iudicio
1838 559 2088 616 consulis
2150 558 2281 616 (16-ι

77 647 248 718 signati
293 647 343 703 is
387 646 746 718 potissimum
782 642 1032 721 [consul]
1055 639 1136 725 1),
1182 647 1277 716 qui
1322 646 1615 703 consulem
1662 645 2003 720 declaravit,
2051 652 2251 704 auctor

76 732 303 792 beneficii
362 735 557 807 populi
611 732 856 791 Romani
912 731 1291 805 defensorque
1349 734 1596 807 periculi
1659 750 1785 792 esse
1845 734 2113 808 debebit3
2181 734 2309 791 ac4

76 825 129 896 si,
176 828 236 879 ut
276 838 393 879 non
442 822 613 878 nullis
659 821 720 878 in
766 822 1095 879 civitatibus
1139 818 1267 879 fieri
1314 822 1490 894 solet,
1537 826 1812 894 patronus
1858 822 1990 880 huic
2038 838 2249 881 causae

74 911 265 983 publice
335 911 815 981 constitueretur,
878 910 927 966 is
986 910 1347 982 potissimum
1403 927 1620 968 summo
1642 905 1693 988 2)
1743 910 1959 969 honore
2022 908 2250 969 adfecto

74 998 310 1057 defensor
348 999 620 1070 daretur,
674 999 771 1070 qui
817 997 1023 1055 eodem
1066 998 1284 1055 honore
1330 997 1631 1071 praeditus
1676 1015 1791 1055 non
1831 1001 2018 1057 minus
2060 998 2252 1057 adfer-

70 1093 145 1146 ret
183 1087 254 1144 ad
298 1086 608 1145 dicendum
651 1086 1013 1143 auctoritatis
1072 1103 1243 1158 quam
1304 1083 1616 1144 facultatis,
1723 1087 1937 1156 Quodsi
1993 1105 2026 1146 6
2081 1094 2253 1159 portu

6 1222 7 1227 ,
72 1174 395 1234 solventibus
445 1175 525 1248 ei,
583 1175 681 1247 qui
737 1175 854 1231 iam
907 1175 970 1230 in
1025 1178 1252 1246 portum
1309 1191 1383 1231 ex
1428 1175 1545 1231 alto
1593 1174 1969 1249 invehuntur,
2030 1176 2254 1248 praeci-

6 1296 7 1299 =
70 1281 185 1336 pere
207 1258 255 1346 3)
312 1278 532 1321 summo
586 1263 775 1320 studio
823 1263 1012 1320 solent
1069 1266 1130 1318 61
1188 1267 1597 1334 tempestatum
1643 1264 1930 1323 rationem
1979 1269 2037 1321 61
2083 1281 2254 1337 prae-

72 1351 252 1409 donum
309 1356 372 1410 et
426 1353 715 1422 locorum,
797 1349 949 1422 quod
1006 1354 1219 1407 natura
1275 1348 1423 1423 fert,
1498 1355 1561 1407 ut
1614 1351 1698 1409 eis
1759 1350 2087 1423 faveamus,
2156 1352 2254 1425 qui

6 1510 7 1513 Ἴ
72 1441 248 1499 eadem
297 1440 587 1513 pericula,
662 1438 867 1511 quibus
933 1455 1038 1496 nos
1101 1438 1394 1511 perfuncti
1454 1455 1672 1513 311111113,
1749 1440 2153 1512 ingrediantur
2167 1433 2253 1520 ⁴²):

6 1588 7 1601 ¹
69 1545 161 1599 quo
196 1528 431 1586 tandem
475 1544 569 1584 me
616 1543 743 1585 6336
790 1527 982 1584 animo
1029 1531 1260 1599 oportet
1303 1542 1484 1599 prope
1539 1527 1653 1584 iam
1700 1544 1774 1608 611
1823 1544 2031 1600 magna
2075 1529 2257 1585 iacta-

68 1617 202 1674 tione
245 1622 467 1675 terram
509 1615 801 1673 videntem
852 1616 914 1671 in
970 1613 1153 1685 hunc,
1217 1615 1307 1672 cui
1362 1614 1531 1672 video
1591 1616 1867 1673 maximas
1920 1617 2010 1673 rei
2069 1616 2258 1688 publi-

6 1724 9 1779 5
68 1721 157 1763 cae
209 1708 592 1777 tempestates
655 1719 781 1761 6336
840 1702 1205 1760 subeundas?
1310 1702 1504 1772 Quare
1559 1703 1607 1759 si
1669 1708 1757 1761 est
1814 1704 1949 1761 boni
2007 1703 2257 1762 consulis

6 1790 9 1859 ῥ’
67 1810 165 1850 non
228 1795 411 1851 solum
477 1791 676 1849 videre
749 1791 885 1863 quid
952 1796 1181 1864 agatur,
1252 1807 1452 1847 verum
1520 1791 1696 1848 etiam
1756 1791 2058 1863 providere
2121 1790 2259 1864 quid

6 1884 7 1887 ’
67 1881 302 1939 futurum
372 1881 475 1952 sit,
560 1879 863 1936 ostendam
936 1880 1050 1937 alio
1118 1879 1243 1936 loco
1312 1884 1586 1950 quantum
1663 1879 1866 1937 salutis
1941 1880 2258 1937 communis
2294 1941 2316 1955 Ἡ

6 2032 7 2037 1
66 1969 276 2027 intersit
334 1968 478 2026 duos
541 1969 805 2025 consules
865 1967 925 2023 111
987 1984 1051 2025 re
1118 1966 1353 2039 publica
1417 1967 1697 2025 Kalendis
1758 1967 2047 2025 Ianuariis
2110 1960 2302 2025 esse.l

6 2088 9 2115 1.
66 2057 263 2126 Quodsi
306 2058 393 2115 ita
439 2061 559 2127 est,
615 2071 730 2112 non
785 2061 901 2112 tam
961 2072 1053 2113 me
1100 2053 1350 2112 officium
1396 2055 1595 2113 debuit
1656 2055 1730 2113 ad
1780 2056 2027 2113 hominis
2087 2055 2259 2113 amici
2280 2050 2316 2107 5

62 2144 304 2212 fortunas
359 2161 534 2218 quam
598 2158 694 2200 res
768 2143 999 2215 publica
1064 2144 1359 2202 consulem
1431 2143 1505 2202 ad
1580 2160 1941 2203 communem
2014 2146 2260 2203 salutem

6 2275 7 2278 ,
61 2234 471 2293 defendendam
516 2248 744 2290 vocare.

218 2325 368 2381 Nam
414 2320 567 2394 quod
623 2321 815 2391 legem
861 2320 933 2377 de
981 2319 1197 2377 ambitu
1247 2321 1388 2392 tuli,
1457 2325 1617 2378 certe
1658 2322 1743 2378 ita
1787 2323 1924 2395 tuli,
1985 2327 2051 2379 ut
2112 2310 2321 2395 eam,3

6 2407 9 2488 J
59 2428 213 2482 quam
275 2411 551 2488 mihimet,
591 2408 705 2480 ipsi
762 2410 877 2465 iam
928 2408 1152 2480 pridem
1205 2409 1453 2466 tuleram
1474 2404 1527 2485 ⁵)
1585 2408 1656 2466 de
1714 2409 1926 2466 civium
1986 2410 2262 2481 periculis

59 2498 457 2570 defendendiS,
533 2512 649 2554 non
716 2497 1073 2569 abrogarem.
1191 2495 1429 2554 Etenim
1497 2496 1545 2553 si
1610 2497 1981 2568 largitionem
2047 2496 2261 2556 factam

60 2603 172 2645 esse
233 2586 546 2646 confiterer
605 2584 777 2657 idque
835 2589 997 2642 recte
1060 2584 1273 2641 factum
1336 2600 1463 2642 esse
1526 2583 1932 2658 defenderem,
2007 2582 2265 2644 facerem

6 2717 9 2726 ,
57 2675 303 2749 improbe
324 2720 339 2748 ,
387 2675 567 2732 etiam
615 2674 662 2729 si
709 2673 855 2730 alius
900 2673 1087 2743 legem
1132 2673 1389 2730 tulisset:
1454 2689 1585 2730 cum
1629 2690 1767 2730 vero
1814 2672 1958 2730 nihil
2003 2674 2265 2731 commis-

58 2781 166 2821 sum
213 2768 419 2821 contra
475 2763 667 2833 legem
715 2776 842 2818 6336
890 2760 1228 2834 defendam,
1288 2760 1425 2832 quid
1475 2765 1564 2818 est
1621 2760 1773 2832 quod
1830 2777 2017 2818 meam
2063 2760 2265 2820 defen-

57 2853 267 2910 sionem
311 2852 455 2910 latio
505 2850 655 2923 legis
699 2847 1014 2920 impediat?
1058 2880 1142 2888 —-
1197 2848 1278 2906 At
1323 2854 1502 2922 negat
1522 2842 1576 2928 6)
1624 2865 1751 2907 6336
1800 2848 2059 2907 eiusdem
2104 2866 2265 2907 seve·
2287 2847 2322 2904 6

6 2987 7 2996 ,
56 2941 237 2999 ritatis
284 2939 597 2997 Catilinam
662 2938 901 2994 exitium
960 2937 1049 2994 rei
1108 2936 1375 3008 publicae
1435 2938 1592 2995 intra
1640 2938 1871 2996 moenia
1932 2938 2268 2995 molientem

56 3029 238 3087 verbis
269 3033 330 3085 61
376 3042 567 3101 paene
597 3026 838 3098 imperio
868 3042 940 3083 ex
968 3023 1112 3082 urbe
1159 3026 1447 3097 expulisse
1497 3030 1557 3083 et
1584 3042 1736 3083 nunc
1781 3042 1886 3099 pro
1923 3026 1986 3084 L.
2019 3026 2269 3084 Murena

6 3229 7 3234 ἵ
58 3245 188 3300 disse
238 3244 503 3313 quaedam
540 3242 807 3305 videntur,
846 3245 908 3295 111
945 3257 1066 3294 cum
1104 3241 1277 3294 salute
1309 3240 1617 3308 communi,
1660 3240 1803 3310 quod
1840 3241 2148 3322 suspicatus
2186 3246 2270 3298 est

56 3317 285 3371 Richter.
361 3314 474 3368 Alii
507 3330 628 3366 wna
665 3313 865 3375 delere,
906 3313 991 3365 vel
1022 3312 1165 3378 iam,
1216 3319 1438 3374 cztncta,
1488 3329 1690 3378 manu,
1738 3328 1856 3364 ‘inea
1891 3329 2003 3365 vwe
2040 3316 2269 3369 scribere

56 3390 256 3442 volunt.
439 3386 493 3452 1)
532 3382 699 3438 Uncis
739 3383 961 3437 inclusit
996 3384 1246 3452 Madvig,
1298 3383 1469 3436 secuti
1507 3386 1634 3436 sunt
1671 3382 1857 3446 Halm,
1891 3384 2115 3452 Kayser,
2155 3386 2269 3438 alii.

58 3456 101 3523 2)
136 3459 232 3511 Sic
269 3456 493 3522 Madvig
532 3471 617 3522 op.
655 3455 738 3520 ΙΙ,
774 3471 825 3521 p.
851 3455 979 3517 3693
1018 3455 1167 3508 codd.
1196 3454 1483 3521 potissime
1518 3454 1602 3505 vel
1626 3453 1927 3520 potissimo.
2086 3456 2141 3521 3)
2180 3456 2271 3510 Sic

57 3529 220 3593 codd.;
274 3527 541 3580 editorum
576 3526 821 3594 plerique
858 3524 1069 3590 Quinct.
1106 3525 1170 3587 V,
1213 3526 1294 3586 11,
1336 3524 1402 3577 23
1441 3524 1612 3576 secuti
1648 3523 1965 3591 praedicere
2013 3527 2267 3581 scribunt.

57 3600 103 3663 4)
148 3601 364 3665 Kayser
413 3600 468 3649 et
517 3596 715 3663 Zumpt-
759 3612 877 3649 cum
928 3591 1247 3664 quibusdam
1295 3594 1447 3647 codd.
1497 3594 1897 3662 inm-adiuntur.
2110 3598 2166 3664 5)
2205 3597 2272 3650 In

58 3670 197 3724 codd.
248 3672 334 3722 est
375 3666 595 3720 tulerim
634 3699 702 3705 ·—
735 3665 1082 3733 ab‘royarem,
1132 3665 1272 3719 unde
1310 3665 1641 3733 Wesenberg
1685 3664 1897 3718 melmin
1938 3698 2004 3705 —
2042 3666 2270 3735 αὔγορα-

58 3740 174 3806 rim,
227 3740 378 3793 Bake
425 3737 663 3789 tuleram
706 3769 772 3776 —
808 3737 1124 3804 abroyarem
1173 3735 1434 3790 restituit.
1649 3736 1702 3802 6)
1755 3741 1916 3803 ‘neyat
1966 3738 2145 3801 codd.;
2194 3738 2273 3791 At

6 3851 7 3864 ,
60 3816 207 3878 neyat
241 3808 519 3871 Wunder,
556 3807 750 3871 Halm;
788 3808 864 3860 At
898 3812 1062 3875 neyat
1103 3806 1235 3860 Cato
1273 3806 1595 3870 Mommsen;
1638 3821 1799 3874 neyas
1835 3806 2060 3873 Kayser.
