<?xml version="1.0" encoding="UTF-8"?>
<!DOCTYPE html PUBLIC "-//W3C//DTD XHTML 1.0 Transitional//EN"
    "http://www.w3.org/TR/xhtml1/DTD/xhtml1-transitional.dtd">
<html xmlns="http://www.w3.org/1999/xhtml" xml:lang="en" lang="en">
 <head>
  <title>
</title>
<meta http-equiv="Content-Type" content="text/html;charset=utf-8" />
  <meta name='ocr-system' content='tesseract 3.04.00' />
  <meta name='ocr-capabilities' content='ocr_page ocr_carea ocr_par ocr_line ocrx_word'/>
</head>
<body>
  <div class='ocr_page' id='page_1' title='image "./orationesselect02cicegoog_0236.png"; bbox 0 0 2669 4354; ppageno 0'>
   <div class='ocr_carea' id='block_1_1' title="bbox 376 222 1595 279">
    <p class='ocr_par' dir='ltr' id='par_1_1' title="bbox 376 222 1595 279">
     <span class='ocr_line' id='line_1_1' title="bbox 376 222 1595 279; baseline -0.001 -1"><span class='ocrx_word' id='word_1_1' title='bbox 376 222 501 279; x_wconf 83' lang='lat'><strong>220</strong></span> <span class='ocrx_word' id='word_1_2' title='bbox 1376 237 1595 278; x_wconf 75' lang='lat' dir='ltr'><strong>ORATIO</strong></span> 
     </span>
    </p>
   </div>
   <div class='ocr_carea' id='block_1_2' title="bbox 283 407 2642 3205">
    <p class='ocr_par' dir='ltr' id='par_1_2' title="bbox 372 407 2642 1185">
     <span class='ocr_line' id='line_1_2' title="bbox 373 407 2579 482; baseline -0.002 -15"><span class='ocrx_word' id='word_1_3' title='bbox 373 410 449 468; x_wconf 91' lang='lat' dir='ltr'><strong>tis</strong></span> <span class='ocrx_word' id='word_1_4' title='bbox 519 425 728 482; x_wconf 81' lang='lat' dir='ltr'><strong>parere</strong></span> <span class='ocrx_word' id='word_1_5' title='bbox 796 409 1128 481; x_wconf 76' lang='lat' dir='ltr'>prohibuit?</span> <span class='ocrx_word' id='word_1_6' title='bbox 1205 410 1336 481; x_wconf 92' lang='lat' dir='ltr'><strong>quis</strong></span> <span class='ocrx_word' id='word_1_7' title='bbox 1417 415 1697 482; x_wconf 86' lang='lat' dir='ltr'><strong>tyrannus</strong></span> <span class='ocrx_word' id='word_1_8' title='bbox 1772 410 2013 467; x_wconf 91' lang='lat' dir='ltr'><strong>miseros</strong></span> <span class='ocrx_word' id='word_1_9' title='bbox 2094 409 2302 481; x_wconf 88' lang='lat' dir='ltr'><strong>lugere</strong></span> <span class='ocrx_word' id='word_1_10' title='bbox 2362 407 2579 464; x_wconf 83' lang='lat' dir='ltr'><strong>vetuit?</strong></span> 
     </span>
     <span class='ocr_line' id='line_1_3' title="bbox 372 496 2642 571; baseline -0.002 -15"><span class='ocrx_word' id='word_1_11' title='bbox 372 498 662 558; x_wconf 85' lang='lat' dir='ltr'><strong>Parumne</strong></span> <span class='ocrx_word' id='word_1_12' title='bbox 712 503 834 570; x_wconf 89' lang='lat' dir='ltr'><strong>est,</strong></span> <span class='ocrx_word' id='word_1_13' title='bbox 878 497 1012 555; x_wconf 90' lang='lat' dir='ltr'><strong>Piso</strong></span> <span class='ocrx_word' id='word_1_14' title='bbox 1030 542 1046 571; x_wconf 90' lang='lat'>‚</span> <span class='ocrx_word' id='word_1_15' title='bbox 1092 504 1155 555; x_wconf 90' lang='lat' dir='ltr'><strong>ut</strong></span> <span class='ocrx_word' id='word_1_16' title='bbox 1199 499 1461 556; x_wconf 91' lang='lat' dir='ltr'><strong>omittam</strong></span> <span class='ocrx_word' id='word_1_17' title='bbox 1507 497 1834 570; x_wconf 88' lang='lat' dir='ltr'><strong>Gabinium,</strong></span> <span class='ocrx_word' id='word_1_18' title='bbox 1881 496 2031 570; x_wconf 93' lang='lat' dir='ltr'><strong>quod</strong></span> <span class='ocrx_word' id='word_1_19' title='bbox 2073 502 2300 554; x_wconf 90' lang='lat' dir='ltr'><strong>tantum</strong></span> <span class='ocrx_word' id='word_1_20' title='bbox 2327 496 2578 554; x_wconf 89' lang='lat' dir='ltr'><strong>homines</strong></span> <span class='ocrx_word' id='word_1_21' title='bbox 2641 521 2642 526; x_wconf 15' lang='grc' dir='ltr'><strong>κ</strong></span> 
     </span>
     <span class='ocr_line' id='line_1_4' title="bbox 373 584 2642 660; baseline -0.002 -16"><span class='ocrx_word' id='word_1_22' title='bbox 373 584 662 659; x_wconf 80' lang='lat' dir='ltr'><strong>fefellisti,</strong></span> <span class='ocrx_word' id='word_1_23' title='bbox 716 590 781 642; x_wconf 94' lang='lat' dir='ltr'><strong>ut</strong></span> <span class='ocrx_word' id='word_1_24' title='bbox 840 585 1183 658; x_wconf 84' lang='lat' dir='ltr'><strong>neglegeres</strong></span> <span class='ocrx_word' id='word_1_25' title='bbox 1243 586 1654 643; x_wconf 89' lang='lat' dir='ltr'><strong>auctoritatem</strong></span> <span class='ocrx_word' id='word_1_26' title='bbox 1710 589 1947 643; x_wconf 90' lang='lat' dir='ltr'><strong>senatus</strong></span> <span class='ocrx_word' id='word_1_27' title='bbox 1965 629 1980 655; x_wconf 93' lang='lat'><strong>,</strong></span> <span class='ocrx_word' id='word_1_28' title='bbox 2044 586 2248 657; x_wconf 89' lang='lat' dir='ltr'><strong>optimi</strong></span> <span class='ocrx_word' id='word_1_29' title='bbox 2315 584 2579 655; x_wconf 89' lang='lat' dir='ltr'><strong>cuiusque</strong></span> <span class='ocrx_word' id='word_1_30' title='bbox 2641 643 2642 660; x_wconf 17' lang='grc' dir='ltr'><strong>ἶ</strong></span> 
     </span>
     <span class='ocr_line' id='line_1_5' title="bbox 377 673 2642 747; baseline 0 -15"><span class='ocrx_word' id='word_1_31' title='bbox 377 674 616 732; x_wconf 89' lang='lat' dir='ltr'><strong>consilia</strong></span> <span class='ocrx_word' id='word_1_32' title='bbox 665 677 1092 747; x_wconf 85' lang='lat' dir='ltr'><strong>contemneres,</strong></span> <span class='ocrx_word' id='word_1_33' title='bbox 1151 689 1278 730; x_wconf 90' lang='lat' dir='ltr'><strong>rem</strong></span> <span class='ocrx_word' id='word_1_34' title='bbox 1321 673 1611 747; x_wconf 85' lang='lat' dir='ltr'><strong>publicam</strong></span> <span class='ocrx_word' id='word_1_35' title='bbox 1656 673 1968 745; x_wconf 87' lang='lat' dir='ltr'><strong>proderes,</strong></span> <span class='ocrx_word' id='word_1_36' title='bbox 2026 673 2332 730; x_wconf 89' lang='lat' dir='ltr'><strong>consulare</strong></span> <span class='ocrx_word' id='word_1_37' title='bbox 2379 687 2577 729; x_wconf 89' lang='lat' dir='ltr'><strong>nomen</strong></span> <span class='ocrx_word' id='word_1_38' title='bbox 2641 703 2642 732; x_wconf 62' lang='grc' dir='ltr'>ι</span> 
     </span>
     <span class='ocr_line' id='line_1_6' title="bbox 377 755 2585 840; baseline -0.002 -21"><span class='ocrx_word' id='word_1_39' title='bbox 377 760 732 835; x_wconf 82' lang='lat' dir='ltr'><strong>adfligeres‘?</strong></span> <span class='ocrx_word' id='word_1_40' title='bbox 800 761 1051 819; x_wconf 85' lang='lat' dir='ltr'><strong>etiamne</strong></span> <span class='ocrx_word' id='word_1_41' title='bbox 1100 759 1336 820; x_wconf 84' lang='lat' dir='ltr'><strong>edicere</strong></span> <span class='ocrx_word' id='word_1_42' title='bbox 1376 759 1634 818; x_wconf 81' lang='lat' dir='ltr'><strong>audebas</strong></span> <span class='ocrx_word' id='word_1_43' title='bbox 1662 755 1745 840; x_wconf 89' lang='lat'><strong>1),</strong></span> <span class='ocrx_word' id='word_1_44' title='bbox 1813 776 1889 817; x_wconf 90' lang='lat' dir='ltr'><strong>ne</strong></span> <span class='ocrx_word' id='word_1_45' title='bbox 1946 766 2282 818; x_wconf 90' lang='lat' dir='ltr'><strong>maererent</strong></span> <span class='ocrx_word' id='word_1_46' title='bbox 2334 760 2585 817; x_wconf 86' lang='lat' dir='ltr'><strong>homines</strong></span> 
     </span>
     <span class='ocr_line' id='line_1_7' title="bbox 378 846 2642 922; baseline -0.004 -16"><span class='ocrx_word' id='word_1_47' title='bbox 378 865 595 921; x_wconf 87' lang='lat' dir='ltr'><strong>meam,</strong></span> <span class='ocrx_word' id='word_1_48' title='bbox 654 865 846 921; x_wconf 91' lang='lat' dir='ltr'><strong>suam,</strong></span> <span class='ocrx_word' id='word_1_49' title='bbox 890 849 980 906; x_wconf 90' lang='lat' dir='ltr'><strong>rei</strong></span> <span class='ocrx_word' id='word_1_50' title='bbox 1019 849 1288 921; x_wconf 91' lang='lat' dir='ltr'><strong>publicae</strong></span> <span class='ocrx_word' id='word_1_51' title='bbox 1337 850 1726 907; x_wconf 87' lang='lat' dir='ltr'><strong>calamitatem</strong></span> <span class='ocrx_word' id='word_1_52' title='bbox 1743 893 1758 922; x_wconf 93' lang='lat'><strong>,</strong></span> <span class='ocrx_word' id='word_1_53' title='bbox 1817 864 1893 905; x_wconf 92' lang='lat' dir='ltr'><strong>ne</strong></span> <span class='ocrx_word' id='word_1_54' title='bbox 1939 850 2090 906; x_wconf 90' lang='lat' dir='ltr'><strong>hunc</strong></span> <span class='ocrx_word' id='word_1_55' title='bbox 2134 865 2299 906; x_wconf 92' lang='lat' dir='ltr'><strong>suum</strong></span> <span class='ocrx_word' id='word_1_56' title='bbox 2343 846 2583 906; x_wconf 91' lang='lat' dir='ltr'><strong>dolorem</strong></span> <span class='ocrx_word' id='word_1_57' title='bbox 2641 871 2642 898; x_wconf 81' lang='grc'>;</span> 
     </span>
     <span class='ocr_line' id='line_1_8' title="bbox 378 933 2586 1008; baseline -0.002 -13"><span class='ocrx_word' id='word_1_58' title='bbox 378 942 541 996; x_wconf 90' lang='lat' dir='ltr'><strong>veste</strong></span> <span class='ocrx_word' id='word_1_59' title='bbox 598 933 1035 1008; x_wconf 79' lang='lat' dir='ltr'><strong>significarent?</strong></span> <span class='ocrx_word' id='word_1_60' title='bbox 1125 935 1257 994; x_wconf 87' lang='lat' dir='ltr'><strong>Sive</strong></span> <span class='ocrx_word' id='word_1_61' title='bbox 1302 937 1406 994; x_wconf 91' lang='lat' dir='ltr'><strong>illa</strong></span> <span class='ocrx_word' id='word_1_62' title='bbox 1450 938 1626 995; x_wconf 90' lang='lat' dir='ltr'><strong>vestis</strong></span> <span class='ocrx_word' id='word_1_63' title='bbox 1671 937 1914 993; x_wconf 92' lang='lat' dir='ltr'><strong>mutatio</strong></span> <span class='ocrx_word' id='word_1_64' title='bbox 1961 937 2035 994; x_wconf 90' lang='lat' dir='ltr'><strong>ad</strong></span> <span class='ocrx_word' id='word_1_65' title='bbox 2080 937 2300 994; x_wconf 90' lang='lat' dir='ltr'><strong>luctum</strong></span> <span class='ocrx_word' id='word_1_66' title='bbox 2344 936 2586 1008; x_wconf 89' lang='lat' dir='ltr'><strong>ipsorum</strong></span> 
     </span>
     <span class='ocr_line' id='line_1_9' title="bbox 381 1020 2642 1096; baseline -0.001 -15"><span class='ocrx_word' id='word_1_67' title='bbox 381 1026 503 1081; x_wconf 85' lang='lat' dir='ltr'><strong>sive</strong></span> <span class='ocrx_word' id='word_1_68' title='bbox 563 1023 639 1081; x_wconf 89' lang='lat' dir='ltr'><strong>ad</strong></span> <span class='ocrx_word' id='word_1_69' title='bbox 699 1023 1125 1096; x_wconf 89' lang='lat' dir='ltr'><strong>deprecandum</strong></span> <span class='ocrx_word' id='word_1_70' title='bbox 1170 1024 1433 1096; x_wconf 89' lang='lat' dir='ltr'><strong>valebat,</strong></span> <span class='ocrx_word' id='word_1_71' title='bbox 1495 1026 1621 1096; x_wconf 92' lang='lat' dir='ltr'><strong>quis</strong></span> <span class='ocrx_word' id='word_1_72' title='bbox 1681 1040 1946 1096; x_wconf 87' lang='lat' dir='ltr'><strong>umquam</strong></span> <span class='ocrx_word' id='word_1_73' title='bbox 2007 1029 2126 1081; x_wconf 89' lang='lat' dir='ltr'><strong>tam</strong></span> <span class='ocrx_word' id='word_1_74' title='bbox 2177 1023 2431 1081; x_wconf 90' lang='lat' dir='ltr'><strong>crudelis</strong></span> <span class='ocrx_word' id='word_1_75' title='bbox 2474 1020 2586 1094; x_wconf 88' lang='lat' dir='ltr'><strong>fuit,</strong></span> <span class='ocrx_word' id='word_1_76' title='bbox 2641 1023 2642 1026; x_wconf 74' lang='grc'>’</span> 
     </span>
     <span class='ocr_line' id='line_1_10' title="bbox 383 1111 2588 1185; baseline -0.002 -16"><span class='ocrx_word' id='word_1_77' title='bbox 383 1113 480 1185; x_wconf 92' lang='lat' dir='ltr'><strong>qui</strong></span> <span class='ocrx_word' id='word_1_78' title='bbox 531 1111 870 1184; x_wconf 88' lang='lat' dir='ltr'><strong>prohiberet</strong></span> <span class='ocrx_word' id='word_1_79' title='bbox 927 1128 1272 1184; x_wconf 89' lang='lat' dir='ltr'><strong>quemquam</strong></span> <span class='ocrx_word' id='word_1_80' title='bbox 1331 1118 1433 1169; x_wconf 92' lang='lat' dir='ltr'><strong>aut</strong></span> <span class='ocrx_word' id='word_1_81' title='bbox 1490 1112 1600 1169; x_wconf 88' lang='lat' dir='ltr'><strong>sibi</strong></span> <span class='ocrx_word' id='word_1_82' title='bbox 1648 1128 1916 1170; x_wconf 89' lang='lat' dir='ltr'><strong>maerere</strong></span> <span class='ocrx_word' id='word_1_83' title='bbox 1973 1117 2077 1169; x_wconf 92' lang='lat' dir='ltr'><strong>aut</strong></span> <span class='ocrx_word' id='word_1_84' title='bbox 2122 1112 2339 1170; x_wconf 89' lang='lat' dir='ltr'><strong>ceteris</strong></span> <span class='ocrx_word' id='word_1_85' title='bbox 2388 1111 2588 1183; x_wconf 89' lang='lat' dir='ltr'><strong>suppli-</strong></span> 
     </span>
    </p>

    <p class='ocr_par' dir='ltr' id='par_1_3' title="bbox 283 1198 2591 2417">
     <span class='ocr_line' id='line_1_11' title="bbox 283 1198 2590 1272; baseline -0.002 -13"><span class='ocrx_word' id='word_1_86' title='bbox 283 1201 363 1259; x_wconf 88' lang='lat'><strong>33</strong></span> <span class='ocrx_word' id='word_1_87' title='bbox 386 1203 558 1258; x_wconf 77' lang='lat' dir='ltr'><strong>care?</strong></span> <span class='ocrx_word' id='word_1_88' title='bbox 649 1198 840 1269; x_wconf 74' lang='lat' dir='ltr'><strong>Quid?</strong></span> <span class='ocrx_word' id='word_1_89' title='bbox 899 1216 1002 1257; x_wconf 92' lang='lat' dir='ltr'><strong>sua</strong></span> <span class='ocrx_word' id='word_1_90' title='bbox 1057 1205 1260 1271; x_wconf 87' lang='lat' dir='ltr'><strong>sponte</strong></span> <span class='ocrx_word' id='word_1_91' title='bbox 1321 1200 1583 1257; x_wconf 89' lang='lat' dir='ltr'><strong>homines</strong></span> <span class='ocrx_word' id='word_1_92' title='bbox 1638 1200 1702 1257; x_wconf 89' lang='lat' dir='ltr'><strong>in</strong></span> <span class='ocrx_word' id='word_1_93' title='bbox 1747 1201 2061 1258; x_wconf 91' lang='lat' dir='ltr'><strong>amicorum</strong></span> <span class='ocrx_word' id='word_1_94' title='bbox 2104 1199 2386 1272; x_wconf 89' lang='lat' dir='ltr'><strong>periculis</strong></span> <span class='ocrx_word' id='word_1_95' title='bbox 2431 1198 2590 1255; x_wconf 86' lang='lat' dir='ltr'><strong>vesti-</strong></span> 
     </span>
     <span class='ocr_line' id='line_1_12' title="bbox 383 1280 2588 1365; baseline -0.002 -20"><span class='ocrx_word' id='word_1_96' title='bbox 383 1293 505 1345; x_wconf 91' lang='lat' dir='ltr'><strong>tum</strong></span> <span class='ocrx_word' id='word_1_97' title='bbox 546 1292 770 1344; x_wconf 89' lang='lat' dir='ltr'><strong>mutare</strong></span> <span class='ocrx_word' id='word_1_98' title='bbox 819 1303 933 1344; x_wconf 90' lang='lat' dir='ltr'><strong>non</strong></span> <span class='ocrx_word' id='word_1_99' title='bbox 977 1288 1206 1345; x_wconf 81' lang='lat' dir='ltr'><strong>solent?</strong></span> <span class='ocrx_word' id='word_1_100' title='bbox 1268 1304 1374 1359; x_wconf 93' lang='lat' dir='ltr'><strong>pro</strong></span> <span class='ocrx_word' id='word_1_101' title='bbox 1413 1292 1472 1345; x_wconf 90' lang='lat' dir='ltr'><strong>te</strong></span> <span class='ocrx_word' id='word_1_102' title='bbox 1514 1289 1670 1360; x_wconf 86' lang='lat' dir='ltr'><strong>ipso,</strong></span> <span class='ocrx_word' id='word_1_103' title='bbox 1732 1287 1900 1361; x_wconf 82' lang='lat' dir='ltr'><strong>Piso,</strong></span> <span class='ocrx_word' id='word_1_104' title='bbox 1943 1305 2188 1346; x_wconf 90' lang='lat' dir='ltr'><strong>nemone</strong></span> <span class='ocrx_word' id='word_1_105' title='bbox 2232 1287 2485 1345; x_wconf 88' lang='lat' dir='ltr'><strong>mutabit</strong></span> <span class='ocrx_word' id='word_1_106' title='bbox 2506 1280 2588 1365; x_wconf 80' lang='lat'>²)‘?</span> 
     </span>
     <span class='ocr_line' id='line_1_13' title="bbox 385 1368 2590 1455; baseline -0.001 -23"><span class='ocrx_word' id='word_1_107' title='bbox 385 1392 460 1433; x_wconf 90' lang='lat' dir='ltr'><strong>ne</strong></span> <span class='ocrx_word' id='word_1_108' title='bbox 519 1374 615 1431; x_wconf 90' lang='lat' dir='ltr'><strong>isti</strong></span> <span class='ocrx_word' id='word_1_109' title='bbox 667 1374 927 1447; x_wconf 89' lang='lat' dir='ltr'><strong>quidem,</strong></span> <span class='ocrx_word' id='word_1_110' title='bbox 986 1392 1126 1447; x_wconf 92' lang='lat' dir='ltr'><strong>quos</strong></span> <span class='ocrx_word' id='word_1_111' title='bbox 1189 1374 1412 1448; x_wconf 91' lang='lat' dir='ltr'><strong>legatos</strong></span> <span class='ocrx_word' id='word_1_112' title='bbox 1432 1368 1485 1455; x_wconf 74' lang='lat'><strong>³)</strong></span> <span class='ocrx_word' id='word_1_113' title='bbox 1546 1392 1660 1433; x_wconf 90' lang='lat' dir='ltr'><strong>non</strong></span> <span class='ocrx_word' id='word_1_114' title='bbox 1721 1375 1891 1433; x_wconf 92' lang='lat' dir='ltr'><strong>modo</strong></span> <span class='ocrx_word' id='word_1_115' title='bbox 1949 1376 2107 1434; x_wconf 91' lang='lat' dir='ltr'><strong>nullo</strong></span> <span class='ocrx_word' id='word_1_116' title='bbox 2167 1380 2409 1433; x_wconf 87' lang='lat' dir='ltr'><strong>senatus</strong></span> <span class='ocrx_word' id='word_1_117' title='bbox 2472 1390 2590 1430; x_wconf 90' lang='lat' dir='ltr'><strong>con-</strong></span> 
     </span>
     <span class='ocr_line' id='line_1_14' title="bbox 385 1462 2587 1536; baseline -0.001 -16"><span class='ocrx_word' id='word_1_118' title='bbox 385 1464 564 1535; x_wconf 87' lang='lat' dir='ltr'><strong>sult0,</strong></span> <span class='ocrx_word' id='word_1_119' title='bbox 631 1462 734 1519; x_wconf 89' lang='lat' dir='ltr'><strong>sed</strong></span> <span class='ocrx_word' id='word_1_120' title='bbox 806 1462 978 1523; x_wconf 91' lang='lat' dir='ltr'><strong>etiam</strong></span> <span class='ocrx_word' id='word_1_121' title='bbox 1044 1468 1409 1535; x_wconf 88' lang='lat' dir='ltr'><strong>repugnante</strong></span> <span class='ocrx_word' id='word_1_122' title='bbox 1476 1467 1685 1520; x_wconf 86' lang='lat' dir='ltr'><strong>senatu</strong></span> <span class='ocrx_word' id='word_1_123' title='bbox 1736 1463 1844 1520; x_wconf 94' lang='lat' dir='ltr'><strong>tibi</strong></span> <span class='ocrx_word' id='word_1_124' title='bbox 1908 1469 2030 1521; x_wconf 91' lang='lat' dir='ltr'><strong>tute</strong></span> <span class='ocrx_word' id='word_1_125' title='bbox 2087 1463 2337 1536; x_wconf 79' lang='lat' dir='ltr'><strong>legasti?</strong></span> <span class='ocrx_word' id='word_1_126' title='bbox 2449 1462 2587 1533; x_wconf 87' lang='lat' dir='ltr'><strong>Ergo</strong></span> 
     </span>
     <span class='ocr_line' id='line_1_15' title="bbox 385 1548 2590 1624; baseline -0.001 -16"><span class='ocrx_word' id='word_1_127' title='bbox 385 1550 630 1608; x_wconf 90' lang='lat' dir='ltr'><strong>hominis</strong></span> <span class='ocrx_word' id='word_1_128' title='bbox 676 1550 971 1622; x_wconf 88' lang='lat' dir='ltr'><strong>desperati</strong></span> <span class='ocrx_word' id='word_1_129' title='bbox 1017 1555 1077 1608; x_wconf 89' lang='lat' dir='ltr'><strong>et</strong></span> <span class='ocrx_word' id='word_1_130' title='bbox 1120 1550 1433 1622; x_wconf 87' lang='lat' dir='ltr'><strong>proditoris</strong></span> <span class='ocrx_word' id='word_1_131' title='bbox 1475 1551 1566 1608; x_wconf 90' lang='lat' dir='ltr'><strong>rei</strong></span> <span class='ocrx_word' id='word_1_132' title='bbox 1611 1551 1876 1622; x_wconf 90' lang='lat' dir='ltr'><strong>publicae</strong></span> <span class='ocrx_word' id='word_1_133' title='bbox 1923 1567 2118 1609; x_wconf 87' lang='lat' dir='ltr'><strong>casum</strong></span> <span class='ocrx_word' id='word_1_134' title='bbox 2162 1550 2451 1624; x_wconf 90' lang='lat' dir='ltr'><strong>lugebunt</strong></span> <span class='ocrx_word' id='word_1_135' title='bbox 2493 1548 2590 1606; x_wconf 84' lang='lat' dir='ltr'><strong>for·</strong></span> 
     </span>
     <span class='ocr_line' id='line_1_16' title="bbox 386 1636 2590 1709; baseline -0.001 -14"><span class='ocrx_word' id='word_1_136' title='bbox 386 1644 541 1696; x_wconf 90' lang='lat' dir='ltr'><strong>tasse</strong></span> <span class='ocrx_word' id='word_1_137' title='bbox 608 1639 705 1709; x_wconf 92' lang='lat' dir='ltr'><strong>qui</strong></span> <span class='ocrx_word' id='word_1_138' title='bbox 777 1640 1001 1695; x_wconf 86' lang='lat' dir='ltr'><strong>volent:</strong></span> <span class='ocrx_word' id='word_1_139' title='bbox 1068 1639 1206 1695; x_wconf 86' lang='lat' dir='ltr'><strong>civis</strong></span> <span class='ocrx_word' id='word_1_140' title='bbox 1272 1636 1670 1697; x_wconf 90' lang='lat' dir='ltr'><strong>florentissimi</strong></span> <span class='ocrx_word' id='word_1_141' title='bbox 1739 1639 2149 1697; x_wconf 85' lang='lat' dir='ltr'><strong>benevolentia</strong></span> <span class='ocrx_word' id='word_1_142' title='bbox 2202 1638 2490 1696; x_wconf 91' lang='lat' dir='ltr'><strong>bonorum</strong></span> <span class='ocrx_word' id='word_1_143' title='bbox 2542 1641 2590 1693; x_wconf 88' lang='lat' dir='ltr'><strong>et</strong></span> 
     </span>
     <span class='ocr_line' id='line_1_17' title="bbox 386 1724 2590 1799; baseline -0.002 -15"><span class='ocrx_word' id='word_1_144' title='bbox 386 1727 603 1799; x_wconf 91' lang='lat' dir='ltr'><strong>optime</strong></span> <span class='ocrx_word' id='word_1_145' title='bbox 649 1724 723 1783; x_wconf 92' lang='lat' dir='ltr'><strong>de</strong></span> <span class='ocrx_word' id='word_1_146' title='bbox 767 1726 954 1782; x_wconf 88' lang='lat' dir='ltr'><strong>salute</strong></span> <span class='ocrx_word' id='word_1_147' title='bbox 999 1726 1224 1797; x_wconf 87' lang='lat' dir='ltr'><strong>patriae</strong></span> <span class='ocrx_word' id='word_1_148' title='bbox 1270 1727 1467 1784; x_wconf 89' lang='lat' dir='ltr'><strong>meriti</strong></span> <span class='ocrx_word' id='word_1_149' title='bbox 1511 1726 1830 1799; x_wconf 90' lang='lat' dir='ltr'><strong>periculum</strong></span> <span class='ocrx_word' id='word_1_150' title='bbox 1874 1727 2244 1784; x_wconf 90' lang='lat' dir='ltr'><strong>coniunctum</strong></span> <span class='ocrx_word' id='word_1_151' title='bbox 2288 1743 2426 1783; x_wconf 90' lang='lat' dir='ltr'><strong>cum</strong></span> <span class='ocrx_word' id='word_1_152' title='bbox 2455 1724 2590 1798; x_wconf 89' lang='lat' dir='ltr'><strong>peri-</strong></span> 
     </span>
     <span class='ocr_line' id='line_1_18' title="bbox 388 1813 2587 1886; baseline -0.002 -14"><span class='ocrx_word' id='word_1_153' title='bbox 388 1816 515 1872; x_wconf 93' lang='lat' dir='ltr'><strong>culo</strong></span> <span class='ocrx_word' id='word_1_154' title='bbox 577 1813 823 1870; x_wconf 89' lang='lat' dir='ltr'><strong>civitatis</strong></span> <span class='ocrx_word' id='word_1_155' title='bbox 875 1814 1077 1886; x_wconf 90' lang='lat' dir='ltr'><strong>lugere</strong></span> <span class='ocrx_word' id='word_1_156' title='bbox 1138 1815 1370 1871; x_wconf 88' lang='lat' dir='ltr'><strong>senatui</strong></span> <span class='ocrx_word' id='word_1_157' title='bbox 1426 1830 1541 1872; x_wconf 90' lang='lat' dir='ltr'><strong>non</strong></span> <span class='ocrx_word' id='word_1_158' title='bbox 1587 1814 1828 1872; x_wconf 76' lang='lat' dir='ltr'><strong>licebit?</strong></span> <span class='ocrx_word' id='word_1_159' title='bbox 1929 1814 2254 1886; x_wconf 89' lang='lat' dir='ltr'><strong>Eidemque</strong></span> <span class='ocrx_word' id='word_1_160' title='bbox 2321 1814 2587 1882; x_wconf 65' lang='lat' dir='ltr'><strong>consulet-3,</strong></span> 
     </span>
     <span class='ocr_line' id='line_1_19' title="bbox 389 1896 2590 1980; baseline -0.002 -21"><span class='ocrx_word' id='word_1_161' title='bbox 389 1903 437 1959; x_wconf 89' lang='lat' dir='ltr'><strong>si</strong></span> <span class='ocrx_word' id='word_1_162' title='bbox 485 1901 816 1974; x_wconf 91' lang='lat' dir='ltr'><strong>appellandi</strong></span> <span class='ocrx_word' id='word_1_163' title='bbox 863 1907 996 1958; x_wconf 90' lang='lat' dir='ltr'><strong>sunt</strong></span> <span class='ocrx_word' id='word_1_164' title='bbox 1041 1902 1336 1974; x_wconf 81' lang='lat' dir='ltr'><strong>consuleS,</strong></span> <span class='ocrx_word' id='word_1_165' title='bbox 1380 1919 1519 1974; x_wconf 91' lang='lat' dir='ltr'><strong>quos</strong></span> <span class='ocrx_word' id='word_1_166' title='bbox 1564 1918 1735 1960; x_wconf 90' lang='lat' dir='ltr'><strong>nemo</strong></span> <span class='ocrx_word' id='word_1_167' title='bbox 1783 1906 1870 1960; x_wconf 88' lang='lat' dir='ltr'><strong>est</strong></span> <span class='ocrx_word' id='word_1_168' title='bbox 1915 1904 2053 1975; x_wconf 91' lang='lat' dir='ltr'><strong>quin</strong></span> <span class='ocrx_word' id='word_1_169' title='bbox 2076 1896 2130 1980; x_wconf 77' lang='lat'><strong>4)</strong></span> <span class='ocrx_word' id='word_1_170' title='bbox 2174 1918 2290 1959; x_wconf 88' lang='lat' dir='ltr'><strong>non</strong></span> <span class='ocrx_word' id='word_1_171' title='bbox 2330 1900 2501 1959; x_wconf 90' lang='lat' dir='ltr'><strong>modo</strong></span> <span class='ocrx_word' id='word_1_172' title='bbox 2533 1915 2590 1955; x_wconf 84' lang='lat' dir='ltr'><strong>ex</strong></span> 
     </span>
     <span class='ocr_line' id='line_1_20' title="bbox 388 1987 2591 2063; baseline -0.002 -16"><span class='ocrx_word' id='word_1_173' title='bbox 388 1990 702 2062; x_wconf 88' lang='lat' dir='ltr'><strong>memoria,</strong></span> <span class='ocrx_word' id='word_1_174' title='bbox 766 1987 871 2046; x_wconf 90' lang='lat' dir='ltr'><strong>sed</strong></span> <span class='ocrx_word' id='word_1_175' title='bbox 933 1988 1108 2046; x_wconf 90' lang='lat' dir='ltr'><strong>etiam</strong></span> <span class='ocrx_word' id='word_1_176' title='bbox 1156 2005 1229 2046; x_wconf 88' lang='lat' dir='ltr'><strong>ex</strong></span> <span class='ocrx_word' id='word_1_177' title='bbox 1272 1989 1435 2047; x_wconf 89' lang='lat' dir='ltr'><strong>fastis</strong></span> <span class='ocrx_word' id='word_1_178' title='bbox 1483 1990 1816 2048; x_wconf 91' lang='lat' dir='ltr'><strong>evellendos</strong></span> <span class='ocrx_word' id='word_1_179' title='bbox 1860 1995 2057 2063; x_wconf 87' lang='lat' dir='ltr'><strong>putet,</strong></span> <span class='ocrx_word' id='word_1_180' title='bbox 2109 1995 2280 2062; x_wconf 90' lang='lat' dir='ltr'><strong>pacto</strong></span> <span class='ocrx_word' id='word_1_181' title='bbox 2328 1991 2452 2047; x_wconf 90' lang='lat' dir='ltr'><strong>iam</strong></span> <span class='ocrx_word' id='word_1_182' title='bbox 2489 1988 2591 2045; x_wconf 90' lang='lat' dir='ltr'><strong>foe-</strong></span> 
     </span>
     <span class='ocr_line' id='line_1_21' title="bbox 391 2075 2588 2149; baseline -0.002 -14"><span class='ocrx_word' id='word_1_183' title='bbox 391 2077 530 2135; x_wconf 84' lang='lat' dir='ltr'><strong>dere</strong></span> <span class='ocrx_word' id='word_1_184' title='bbox 574 2076 995 2148; x_wconf 88' lang='lat' dir='ltr'><strong>provinciarum</strong></span> <span class='ocrx_word' id='word_1_185' title='bbox 1016 2120 1029 2146; x_wconf 92' lang='lat'><strong>,</strong></span> <span class='ocrx_word' id='word_1_186' title='bbox 1085 2076 1354 2149; x_wconf 88' lang='lat' dir='ltr'><strong>producti</strong></span> <span class='ocrx_word' id='word_1_187' title='bbox 1414 2078 1476 2135; x_wconf 91' lang='lat' dir='ltr'><strong>in</strong></span> <span class='ocrx_word' id='word_1_188' title='bbox 1524 2078 1676 2135; x_wconf 92' lang='lat' dir='ltr'><strong>circo</strong></span> <span class='ocrx_word' id='word_1_189' title='bbox 1722 2078 2009 2135; x_wconf 90' lang='lat' dir='ltr'><strong>Flaminio</strong></span> <span class='ocrx_word' id='word_1_190' title='bbox 2053 2078 2116 2135; x_wconf 91' lang='lat' dir='ltr'><strong>in</strong></span> <span class='ocrx_word' id='word_1_191' title='bbox 2162 2077 2491 2135; x_wconf 88' lang='lat' dir='ltr'><strong>contionem</strong></span> <span class='ocrx_word' id='word_1_192' title='bbox 2530 2075 2588 2132; x_wconf 87' lang='lat' dir='ltr'><strong>ab</strong></span> 
     </span>
     <span class='ocr_line' id='line_1_22' title="bbox 391 2163 2589 2239; baseline -0.002 -16"><span class='ocrx_word' id='word_1_193' title='bbox 391 2166 494 2224; x_wconf 91' lang='lat' dir='ltr'><strong>illa</strong></span> <span class='ocrx_word' id='word_1_194' title='bbox 555 2163 704 2222; x_wconf 87' lang='lat' dir='ltr'><strong>furia</strong></span> <span class='ocrx_word' id='word_1_195' title='bbox 772 2180 840 2221; x_wconf 91' lang='lat' dir='ltr'><strong>ac</strong></span> <span class='ocrx_word' id='word_1_196' title='bbox 902 2171 1067 2237; x_wconf 91' lang='lat' dir='ltr'><strong>peste</strong></span> <span class='ocrx_word' id='word_1_197' title='bbox 1126 2166 1388 2239; x_wconf 80' lang='lat' dir='ltr'><strong>patriae,</strong></span> <span class='ocrx_word' id='word_1_198' title='bbox 1456 2165 1703 2224; x_wconf 86' lang='lat' dir='ltr'><strong>maximo</strong></span> <span class='ocrx_word' id='word_1_199' title='bbox 1762 2183 1888 2224; x_wconf 91' lang='lat' dir='ltr'><strong>cum</strong></span> <span class='ocrx_word' id='word_1_200' title='bbox 1966 2165 2186 2239; x_wconf 90' lang='lat' dir='ltr'><strong>gemitu</strong></span> <span class='ocrx_word' id='word_1_201' title='bbox 2244 2171 2445 2224; x_wconf 86' lang='lat' dir='ltr'><strong>vestro</strong></span> <span class='ocrx_word' id='word_1_202' title='bbox 2507 2163 2589 2220; x_wconf 79' lang='lat' dir='ltr'><strong>illa</strong></span> 
     </span>
     <span class='ocr_line' id='line_1_23' title="bbox 393 2238 2587 2327; baseline -0.002 -16"><span class='ocrx_word' id='word_1_203' title='bbox 393 2254 608 2325; x_wconf 82' lang='lat' dir='ltr'><strong>omnia,</strong></span> <span class='ocrx_word' id='word_1_204' title='bbox 671 2268 819 2324; x_wconf 87' lang='lat' dir='ltr'><strong>quae</strong></span> <span class='ocrx_word' id='word_1_205' title='bbox 875 2258 996 2310; x_wconf 92' lang='lat' dir='ltr'><strong>tum</strong></span> <span class='ocrx_word' id='word_1_206' title='bbox 1041 2258 1243 2311; x_wconf 90' lang='lat' dir='ltr'><strong>contra</strong></span> <span class='ocrx_word' id='word_1_207' title='bbox 1286 2270 1379 2310; x_wconf 90' lang='lat' dir='ltr'><strong>me</strong></span> <span class='ocrx_word' id='word_1_208' title='bbox 1426 2238 1741 2326; x_wconf 70' lang='lat' dir='ltr'><strong>contraque</strong></span> <span class='ocrx_word' id='word_1_209' title='bbox 1787 2272 1912 2312; x_wconf 91' lang='lat' dir='ltr'><strong>rem</strong></span> <span class='ocrx_word' id='word_1_210' title='bbox 1955 2255 2244 2327; x_wconf 86' lang='lat' dir='ltr'><strong>publicam</strong></span> <span class='ocrx_word' id='word_1_211' title='bbox 2288 2254 2587 2312; x_wconf 79' lang='lat' dir='ltr'><strong>committe-</strong></span> 
     </span>
     <span class='ocr_line' id='line_1_24' title="bbox 393 2333 2074 2417; baseline 0 -18"><span class='ocrx_word' id='word_1_212' title='bbox 393 2341 603 2399; x_wconf 88' lang='lat' dir='ltr'><strong>bantur</strong></span> <span class='ocrx_word' id='word_1_213' title='bbox 628 2333 710 2417; x_wconf 82' lang='lat'><strong>5),</strong></span> <span class='ocrx_word' id='word_1_214' title='bbox 753 2356 894 2398; x_wconf 91' lang='lat' dir='ltr'><strong>voce</strong></span> <span class='ocrx_word' id='word_1_215' title='bbox 941 2358 1008 2398; x_wconf 89' lang='lat' dir='ltr'><strong>ac</strong></span> <span class='ocrx_word' id='word_1_216' title='bbox 1049 2343 1343 2399; x_wconf 90' lang='lat' dir='ltr'><strong>sententia</strong></span> <span class='ocrx_word' id='word_1_217' title='bbox 1388 2359 1492 2399; x_wconf 89' lang='lat' dir='ltr'><strong>sua</strong></span> <span class='ocrx_word' id='word_1_218' title='bbox 1539 2343 2074 2414; x_wconf 89' lang='lat' dir='ltr'><strong>comprobaverunt.</strong></span> 
     </span>
    </p>

    <p class='ocr_par' dir='ltr' id='par_1_4' title="bbox 289 2423 2592 2854">
     <span class='ocr_line' id='line_1_25' title="bbox 289 2423 2592 2502; baseline -0.003 -14"><span class='ocrx_word' id='word_1_219' title='bbox 289 2423 374 2490; x_wconf 81' lang='lat'><strong>15</strong></span> <span class='ocrx_word' id='word_1_220' title='bbox 567 2428 876 2500; x_wconf 90' lang='lat' dir='ltr'><strong>Isdemque</strong></span> <span class='ocrx_word' id='word_1_221' title='bbox 941 2429 1270 2487; x_wconf 89' lang='lat' dir='ltr'><strong>consulibus</strong></span> <span class='ocrx_word' id='word_1_222' title='bbox 1334 2428 1671 2487; x_wconf 87' lang='lat' dir='ltr'><strong>sedentibus</strong></span> <span class='ocrx_word' id='word_1_223' title='bbox 1733 2436 1907 2502; x_wconf 88' lang='lat' dir='ltr'><strong>atque</strong></span> <span class='ocrx_word' id='word_1_224' title='bbox 1969 2430 2438 2502; x_wconf 88' lang='lat' dir='ltr'><strong>inspectantibus</strong></span> <span class='ocrx_word' id='word_1_225' title='bbox 2496 2428 2592 2484; x_wconf 84' lang='lat' dir='ltr'><strong>lata</strong></span> 
     </span>
     <span class='ocr_line' id='line_1_26' title="bbox 394 2518 2589 2591; baseline -0.001 -19"><span class='ocrx_word' id='word_1_226' title='bbox 394 2518 489 2573; x_wconf 88' lang='lat' dir='ltr'><strong>lex</strong></span> <span class='ocrx_word' id='word_1_227' title='bbox 535 2522 656 2589; x_wconf 89' lang='lat' dir='ltr'><strong>est,</strong></span> <span class='ocrx_word' id='word_1_228' title='bbox 702 2534 781 2573; x_wconf 82' lang='lat' dir='ltr'><strong>NE</strong></span> <span class='ocrx_word' id='word_1_229' title='bbox 824 2533 1103 2574; x_wconf 81' lang='lat' dir='ltr'><strong>AVSPIOIA</strong></span> <span class='ocrx_word' id='word_1_230' title='bbox 1144 2535 1498 2591; x_wconf 64' lang='lat' dir='ltr'><strong>umnam,</strong></span> <span class='ocrx_word' id='word_1_231' title='bbox 1544 2535 1624 2574; x_wconf 79' lang='lat' dir='ltr'><strong>NE</strong></span> <span class='ocrx_word' id='word_1_232' title='bbox 1667 2535 1802 2584; x_wconf 71' lang='lat' dir='ltr'><strong>ers</strong></span> <span class='ocrx_word' id='word_1_233' title='bbox 1847 2535 2301 2590; x_wconf 71' lang='grc' dir='ltr'><strong>οΒΝνΝΤῑΑΒΕΤ,</strong></span> <span class='ocrx_word' id='word_1_234' title='bbox 2354 2536 2438 2575; x_wconf 79' lang='lat' dir='ltr'><strong>NE</strong></span> <span class='ocrx_word' id='word_1_235' title='bbox 2480 2530 2589 2580; x_wconf 82' lang='lat' dir='ltr'><strong>QVIS</strong></span> 
     </span>
     <span class='ocr_line' id='line_1_27' title="bbox 392 2617 2590 2664; baseline -0.001 -3"><span class='ocrx_word' id='word_1_236' title='bbox 392 2621 533 2661; x_wconf 69' lang='lat' dir='ltr'><strong>mzffl</strong></span> <span class='ocrx_word' id='word_1_237' title='bbox 592 2621 1076 2661; x_wconf 73' lang='lat' dir='ltr'><strong>mTERcEDEBE&#39;r:</strong></span> <span class='ocrx_word' id='word_1_238' title='bbox 1137 2623 1214 2663; x_wconf 67' lang='lat' dir='ltr'><strong>v&#39;r</strong></span> <span class='ocrx_word' id='word_1_239' title='bbox 1280 2622 1545 2662; x_wconf 72' lang='lat' dir='ltr'><strong>omnmvs</strong></span> <span class='ocrx_word' id='word_1_240' title='bbox 1618 2622 1823 2662; x_wconf 74' lang='lat' dir='ltr'><strong>FAs&#39;ms</strong></span> <span class='ocrx_word' id='word_1_241' title='bbox 1885 2624 2105 2664; x_wconf 73' lang='lat' dir='ltr'><strong>mnnvs</strong></span> <span class='ocrx_word' id='word_1_242' title='bbox 2159 2623 2380 2663; x_wconf 79' lang='lat' dir='ltr'><strong>LEGEM</strong></span> <span class='ocrx_word' id='word_1_243' title='bbox 2436 2617 2590 2660; x_wconf 71' lang='lat' dir='ltr'><strong>mmm</strong></span> 
     </span>
     <span class='ocr_line' id='line_1_28' title="bbox 393 2693 2590 2765; baseline -0.002 -16"><span class='ocrx_word' id='word_1_244' title='bbox 393 2709 672 2752; x_wconf 59' lang='lat' dir='ltr'><strong>moenem:</strong></span> <span class='ocrx_word' id='word_1_245' title='bbox 719 2710 796 2750; x_wconf 71' lang='lat' dir='ltr'><strong>v&#39;r</strong></span> <span class='ocrx_word' id='word_1_246' title='bbox 840 2710 962 2748; x_wconf 67' lang='lat' dir='ltr'><strong>mix</strong></span> <span class='ocrx_word' id='word_1_247' title='bbox 1001 2693 1230 2765; x_wconf 60' lang='lat' dir='ltr'><strong>Anuli,</strong></span> <span class='ocrx_word' id='word_1_248' title='bbox 1275 2711 1400 2749; x_wconf 73' lang='lat' dir='ltr'><strong>Lex</strong></span> <span class='ocrx_word' id='word_1_249' title='bbox 1442 2693 1642 2750; x_wconf 81' lang='lat' dir='ltr'><strong>FVFIA</strong></span> <span class='ocrx_word' id='word_1_250' title='bbox 1676 2711 1757 2750; x_wconf 80' lang='lat' dir='ltr'><strong>NE</strong></span> <span class='ocrx_word' id='word_1_251' title='bbox 1803 2710 2109 2751; x_wconf 75' lang='lat' dir='ltr'><strong>VALERET:</strong></span> <span class='ocrx_word' id='word_1_252' title='bbox 2152 2710 2267 2765; x_wconf 89' lang='lat' dir='ltr'><strong>qua</strong></span> <span class='ocrx_word' id='word_1_253' title='bbox 2300 2710 2423 2755; x_wconf 86' lang='lat' dir='ltr'><strong>una</strong></span> <span class='ocrx_word' id='word_1_254' title='bbox 2450 2705 2590 2761; x_wconf 86' lang='lat' dir='ltr'><strong>roga-</strong></span> 
     </span>
     <span class='ocr_line' id='line_1_29' title="bbox 396 2781 2588 2854; baseline -0.003 -17"><span class='ocrx_word' id='word_1_255' title='bbox 396 2781 552 2838; x_wconf 88' lang='lat' dir='ltr'><strong>tione</strong></span> <span class='ocrx_word' id='word_1_256' title='bbox 613 2782 738 2852; x_wconf 92' lang='lat' dir='ltr'><strong>quis</strong></span> <span class='ocrx_word' id='word_1_257' title='bbox 800 2787 889 2837; x_wconf 91' lang='lat' dir='ltr'><strong>est</strong></span> <span class='ocrx_word' id='word_1_258' title='bbox 950 2781 1048 2852; x_wconf 90' lang='lat' dir='ltr'><strong>qui</strong></span> <span class='ocrx_word' id='word_1_259' title='bbox 1092 2797 1209 2838; x_wconf 90' lang='lat' dir='ltr'><strong>non</strong></span> <span class='ocrx_word' id='word_1_260' title='bbox 1252 2781 1558 2854; x_wconf 88' lang='lat' dir='ltr'><strong>intellegat</strong></span> <span class='ocrx_word' id='word_1_261' title='bbox 1599 2782 1929 2839; x_wconf 89' lang='lat' dir='ltr'><strong>universam</strong></span> <span class='ocrx_word' id='word_1_262' title='bbox 1972 2799 2099 2840; x_wconf 91' lang='lat' dir='ltr'><strong>rem</strong></span> <span class='ocrx_word' id='word_1_263' title='bbox 2142 2782 2441 2853; x_wconf 87' lang='lat' dir='ltr'><strong>publicam</strong></span> <span class='ocrx_word' id='word_1_264' title='bbox 2485 2791 2588 2836; x_wconf 87' lang='lat' dir='ltr'><strong>esse</strong></span> 
     </span>
    </p>

    <p class='ocr_par' dir='ltr' id='par_1_5' title="bbox 295 2867 2589 3205">
     <span class='ocr_line' id='line_1_30' title="bbox 295 2867 2589 2941; baseline -0.003 -17"><span class='ocrx_word' id='word_1_265' title='bbox 295 2867 377 2924; x_wconf 87' lang='grc'><strong>34</strong></span> <span class='ocrx_word' id='word_1_266' title='bbox 396 2868 691 2926; x_wconf 76' lang='lat' dir='ltr'><strong>deletam?</strong></span> <span class='ocrx_word' id='word_1_267' title='bbox 778 2867 1083 2939; x_wconf 88' lang='lat' dir='ltr'><strong>Isdemque</strong></span> <span class='ocrx_word' id='word_1_268' title='bbox 1147 2868 1479 2926; x_wconf 91' lang='lat' dir='ltr'><strong>consulibus</strong></span> <span class='ocrx_word' id='word_1_269' title='bbox 1520 2869 1983 2941; x_wconf 87' lang='lat' dir='ltr'><strong>inspectantibus</strong></span> <span class='ocrx_word' id='word_1_270' title='bbox 2028 2886 2324 2927; x_wconf 88' lang='lat' dir='ltr'><strong>servorum</strong></span> <span class='ocrx_word' id='word_1_271' title='bbox 2368 2869 2589 2926; x_wconf 90' lang='lat' dir='ltr'><strong>dilectus</strong></span> 
     </span>
     <span class='ocr_line' id='line_1_31' title="bbox 395 2954 2589 3031; baseline -0.004 -16"><span class='ocrx_word' id='word_1_272' title='bbox 395 2956 724 3015; x_wconf 85' lang='lat' dir='ltr'><strong>habebatur</strong></span> <span class='ocrx_word' id='word_1_273' title='bbox 767 2972 873 3029; x_wconf 89' lang='lat' dir='ltr'><strong>pro</strong></span> <span class='ocrx_word' id='word_1_274' title='bbox 920 2956 1197 3014; x_wconf 89' lang='lat' dir='ltr'><strong>tribunali</strong></span> <span class='ocrx_word' id='word_1_275' title='bbox 1242 2957 1481 3014; x_wconf 93' lang='lat' dir='ltr'><strong>Aurelio</strong></span> <span class='ocrx_word' id='word_1_276' title='bbox 1527 2957 1759 3029; x_wconf 89' lang='lat' dir='ltr'><strong>nomine</strong></span> <span class='ocrx_word' id='word_1_277' title='bbox 1802 2958 2196 3031; x_wconf 88' lang='lat' dir='ltr'><strong>conlegiorum</strong></span> <span class='ocrx_word' id='word_1_278' title='bbox 2219 3001 2233 3029; x_wconf 87' lang='lat'><strong>,</strong></span> <span class='ocrx_word' id='word_1_279' title='bbox 2281 2974 2418 3014; x_wconf 89' lang='lat' dir='ltr'><strong>cum</strong></span> <span class='ocrx_word' id='word_1_280' title='bbox 2458 2954 2589 3011; x_wconf 88' lang='lat' dir='ltr'><strong>vica-</strong></span> 
     </span>
     <span class='ocr_line' id='line_1_32' title="bbox 394 3043 2587 3118; baseline -0.003 -16"><span class='ocrx_word' id='word_1_281' title='bbox 394 3046 502 3103; x_wconf 91' lang='lat' dir='ltr'><strong>tim</strong></span> <span class='ocrx_word' id='word_1_282' title='bbox 547 3044 810 3102; x_wconf 91' lang='lat' dir='ltr'><strong>homines</strong></span> <span class='ocrx_word' id='word_1_283' title='bbox 856 3044 1388 3118; x_wconf 88' lang='lat' dir='ltr'><strong>conscriberentur,</strong></span> <span class='ocrx_word' id='word_1_284' title='bbox 1456 3043 1923 3118; x_wconf 87' lang='lat' dir='ltr'><strong>decuriarentur,</strong></span> <span class='ocrx_word' id='word_1_285' title='bbox 1981 3045 2055 3102; x_wconf 91' lang='lat' dir='ltr'><strong>ad</strong></span> <span class='ocrx_word' id='word_1_286' title='bbox 2113 3046 2230 3102; x_wconf 85' lang='lat' dir='ltr'><strong>vim</strong></span> <span class='ocrx_word' id='word_1_287' title='bbox 2273 3045 2352 3103; x_wconf 91' lang='lat' dir='ltr'><strong>ad</strong></span> <span class='ocrx_word' id='word_1_288' title='bbox 2395 3054 2587 3107; x_wconf 80' lang='lat' dir='ltr'><strong>manuS,</strong></span> 
     </span>
     <span class='ocr_line' id='line_1_33' title="bbox 395 3128 2587 3205; baseline -0.002 -15"><span class='ocrx_word' id='word_1_289' title='bbox 395 3133 471 3190; x_wconf 89' lang='lat' dir='ltr'><strong>ad</strong></span> <span class='ocrx_word' id='word_1_290' title='bbox 530 3131 771 3190; x_wconf 91' lang='lat' dir='ltr'><strong>caedem</strong></span> <span class='ocrx_word' id='word_1_291' title='bbox 829 3131 904 3188; x_wconf 90' lang='lat' dir='ltr'><strong>ad</strong></span> <span class='ocrx_word' id='word_1_292' title='bbox 961 3131 1348 3204; x_wconf 90' lang='lat' dir='ltr'><strong>direptionem</strong></span> <span class='ocrx_word' id='word_1_293' title='bbox 1417 3133 1819 3191; x_wconf 88' lang='lat' dir='ltr'><strong>incitarentur.</strong></span> <span class='ocrx_word' id='word_1_294' title='bbox 1924 3132 2231 3205; x_wconf 90' lang='lat' dir='ltr'><strong>Isdemque</strong></span> <span class='ocrx_word' id='word_1_295' title='bbox 2288 3128 2587 3190; x_wconf 87' lang='lat' dir='ltr'><strong>consulibus</strong></span> 
     </span>
    </p>
   </div>
   <div class='ocr_carea' id='block_1_3' title="bbox 405 3282 814 3291">
    <p class='ocr_par' dir='ltr' id='par_1_6' title="bbox 405 3282 814 3291">
     <span class='ocr_line' id='line_1_34' title="bbox 405 3282 814 3291; baseline 0 1063"><span class='ocrx_word' id='word_1_296' title='bbox 405 3282 814 3291; x_wconf 95' lang='lat' dir='ltr'><strong> </strong></span> 
     </span>
    </p>
   </div>
   <div class='ocr_carea' id='block_1_4' title="bbox 541 3366 2584 3444">
    <p class='ocr_par' dir='ltr' id='par_1_7' title="bbox 541 3366 2584 3444">
     <span class='ocr_line' id='line_1_35' title="bbox 541 3366 2584 3444; baseline -0.001 -15"><span class='ocrx_word' id='word_1_297' title='bbox 541 3380 594 3443; x_wconf 85' lang='lat'><strong>1)</strong></span> <span class='ocrx_word' id='word_1_298' title='bbox 635 3377 739 3429; x_wconf 85' lang='lat' dir='ltr'><strong>Sic.</strong></span> <span class='ocrx_word' id='word_1_299' title='bbox 779 3376 1040 3438; x_wconf 88' lang='lat' dir='ltr'><strong>Lambin;</strong></span> <span class='ocrx_word' id='word_1_300' title='bbox 1093 3375 1245 3429; x_wconf 86' lang='lat' dir='ltr'><strong>codd.</strong></span> <span class='ocrx_word' id='word_1_301' title='bbox 1283 3375 1517 3441; x_wconf 58' lang='lat' dir='ltr'><strong>caudeae,</strong></span> <span class='ocrx_word' id='word_1_302' title='bbox 1556 3392 1715 3444; x_wconf 89' lang='lat' dir='ltr'><strong>quam</strong></span> <span class='ocrx_word' id='word_1_303' title='bbox 1752 3376 2037 3429; x_wconf 88' lang='lat' dir='ltr'><strong>lectionem</strong></span> <span class='ocrx_word' id='word_1_304' title='bbox 2073 3378 2258 3430; x_wconf 87' lang='lat' dir='ltr'><strong>tuetur</strong></span> <span class='ocrx_word' id='word_1_305' title='bbox 2293 3376 2477 3437; x_wconf 86' lang='lat' dir='ltr'><strong>Halm,</strong></span> <span class='ocrx_word' id='word_1_306' title='bbox 2511 3366 2584 3436; x_wconf 79' lang='lat' dir='ltr'><strong>qui</strong></span> 
     </span>
    </p>
   </div>
   <div class='ocr_carea' id='block_1_5' title="bbox 302 3438 2642 3656">
    <p class='ocr_par' dir='ltr' id='par_1_8' title="bbox 302 3438 2642 3656">
     <span class='ocr_line' id='line_1_36' title="bbox 402 3438 2583 3529; baseline -0.002 -29"><span class='ocrx_word' id='word_1_307' title='bbox 402 3448 705 3529; x_wconf 79' lang='lat' dir='ltr'><strong>suspicatur</strong></span> <span class='ocrx_word' id='word_1_308' title='bbox 783 3446 1123 3526; x_wconf 80' lang='lat' dir='ltr'><strong>scribendum</strong></span> <span class='ocrx_word' id='word_1_309' title='bbox 1199 3462 1316 3499; x_wconf 90' lang='lat' dir='ltr'><strong>esse</strong></span> <span class='ocrx_word' id='word_1_310' title='bbox 1384 3445 1632 3499; x_wconf 81' lang='lat' dir='ltr'><strong>ediceres.</strong></span> <span class='ocrx_word' id='word_1_311' title='bbox 1855 3517 1866 3528; x_wconf 42' lang='lat'><strong>·</strong></span> <span class='ocrx_word' id='word_1_312' title='bbox 1893 3447 1945 3514; x_wconf 81' lang='lat'><strong>2)</strong></span> <span class='ocrx_word' id='word_1_313' title='bbox 2004 3446 2092 3500; x_wconf 78' lang='lat' dir='ltr'><strong>Sic</strong></span> <span class='ocrx_word' id='word_1_314' title='bbox 2152 3446 2218 3498; x_wconf 88' lang='lat' dir='ltr'><strong>de</strong></span> <span class='ocrx_word' id='word_1_315' title='bbox 2274 3438 2583 3525; x_wconf 70' lang='lat' dir='ltr'><strong>Lallemandi</strong></span> 
     </span>
     <span class='ocr_line' id='line_1_37' title="bbox 402 3508 2642 3589; baseline -0.004 -18"><span class='ocrx_word' id='word_1_316' title='bbox 402 3535 568 3581; x_wconf 89' lang='lat' dir='ltr'><strong>con1.;</strong></span> <span class='ocrx_word' id='word_1_317' title='bbox 615 3516 765 3570; x_wconf 89' lang='lat' dir='ltr'><strong>codd.</strong></span> <span class='ocrx_word' id='word_1_318' title='bbox 818 3522 1064 3570; x_wconf 77' lang='lat' dir='ltr'><strong>mutavzt.</strong></span> <span class='ocrx_word' id='word_1_319' title='bbox 1279 3518 1333 3583; x_wconf 87' lang='lat'><strong>3)</strong></span> <span class='ocrx_word' id='word_1_320' title='bbox 1374 3517 1575 3584; x_wconf 71' lang='lat' dir='ltr'><strong>leyatos</strong></span> <span class='ocrx_word' id='word_1_321' title='bbox 1629 3517 1903 3585; x_wconf 78' lang='lat' dir='ltr'><strong>Madvigio</strong></span> <span class='ocrx_word' id='word_1_322' title='bbox 1952 3520 2263 3586; x_wconf 90' lang='lat' dir='ltr'><strong>suspectum</strong></span> <span class='ocrx_word' id='word_1_323' title='bbox 2298 3532 2447 3569; x_wconf 81' lang='lat' dir='ltr'><strong>uncis</strong></span> <span class='ocrx_word' id='word_1_324' title='bbox 2481 3508 2581 3589; x_wconf 71' lang='lat' dir='ltr'><strong>incl.</strong></span> <span class='ocrx_word' id='word_1_325' title='bbox 2641 3566 2642 3577; x_wconf 11' lang='grc' dir='ltr'>γ</span> 
     </span>
     <span class='ocr_line' id='line_1_38' title="bbox 302 3582 2581 3656; baseline -0.006 -15"><span class='ocrx_word' id='word_1_326' title='bbox 302 3643 309 3647; x_wconf 72' lang='grc'><em>,</em></span> <span class='ocrx_word' id='word_1_327' title='bbox 401 3589 637 3654; x_wconf 88' lang='lat' dir='ltr'><strong>Kayser,</strong></span> <span class='ocrx_word' id='word_1_328' title='bbox 678 3587 969 3640; x_wconf 84' lang='lat' dir='ltr'><strong>Eberhard.</strong></span> <span class='ocrx_word' id='word_1_329' title='bbox 1183 3588 1238 3653; x_wconf 91' lang='lat'><strong>4)</strong></span> <span class='ocrx_word' id='word_1_330' title='bbox 1273 3587 1425 3640; x_wconf 88' lang='lat' dir='ltr'><strong>Libri</strong></span> <span class='ocrx_word' id='word_1_331' title='bbox 1473 3589 1733 3656; x_wconf 81' lang='lat' dir='ltr'><strong>praebent</strong></span> <span class='ocrx_word' id='word_1_332' title='bbox 1780 3587 1900 3656; x_wconf 65' lang='lat' dir='ltr'><strong>qual,</strong></span> <span class='ocrx_word' id='word_1_333' title='bbox 1956 3587 2098 3655; x_wconf 91' lang='lat' dir='ltr'><strong>quod</strong></span> <span class='ocrx_word' id='word_1_334' title='bbox 2136 3587 2322 3642; x_wconf 84' lang='lat' dir='ltr'><strong>Garat.</strong></span> <span class='ocrx_word' id='word_1_335' title='bbox 2367 3582 2581 3639; x_wconf 79' lang='lat' dir='ltr'><strong>correxlt.</strong></span> 
     </span>
    </p>
   </div>
   <div class='ocr_carea' id='block_1_6' title="bbox 401 3646 2642 3937">
    <p class='ocr_par' dir='ltr' id='par_1_9' title="bbox 401 3646 2642 3937">
     <span class='ocr_line' id='line_1_39' title="bbox 402 3646 2580 3726; baseline -0.005 -13"><span class='ocrx_word' id='word_1_336' title='bbox 402 3661 457 3726; x_wconf 89' lang='lat'><strong>5)</strong></span> <span class='ocrx_word' id='word_1_337' title='bbox 493 3657 727 3710; x_wconf 87' lang='lat' dir='ltr'><strong>Verbum</strong></span> <span class='ocrx_word' id='word_1_338' title='bbox 768 3658 919 3710; x_wconf 80' lang='lat' dir='ltr'><strong>deest</strong></span> <span class='ocrx_word' id='word_1_339' title='bbox 952 3658 1009 3710; x_wconf 91' lang='lat' dir='ltr'><strong>in</strong></span> <span class='ocrx_word' id='word_1_340' title='bbox 1048 3656 1227 3717; x_wconf 90' lang='lat' dir='ltr'><strong>codd.;</strong></span> <span class='ocrx_word' id='word_1_341' title='bbox 1270 3672 1400 3710; x_wconf 84' lang='lat' dir='ltr'><strong>com.</strong></span> <span class='ocrx_word' id='word_1_342' title='bbox 1439 3657 1630 3710; x_wconf 88' lang='lat' dir='ltr'><strong>adiect.</strong></span> <span class='ocrx_word' id='word_1_343' title='bbox 1679 3661 1763 3710; x_wconf 92' lang='lat' dir='ltr'><strong>est</strong></span> <span class='ocrx_word' id='word_1_344' title='bbox 1799 3657 1861 3710; x_wconf 90' lang='lat' dir='ltr'><strong>de</strong></span> <span class='ocrx_word' id='word_1_345' title='bbox 1897 3658 2202 3711; x_wconf 89' lang='lat' dir='ltr'><strong>coniectura</strong></span> <span class='ocrx_word' id='word_1_346' title='bbox 2239 3655 2467 3716; x_wconf 82' lang='lat' dir='ltr'><strong>Hertzii3</strong></span> <span class='ocrx_word' id='word_1_347' title='bbox 2505 3646 2580 3702; x_wconf 88' lang='lat' dir='ltr'><strong>alii</strong></span> 
     </span>
     <span class='ocr_line' id='line_1_40' title="bbox 402 3723 2642 3796; baseline -0.001 -15"><span class='ocrx_word' id='word_1_348' title='bbox 402 3729 511 3782; x_wconf 89' lang='lat' dir='ltr'><strong>alio</strong></span> <span class='ocrx_word' id='word_1_349' title='bbox 552 3727 926 3796; x_wconf 90' lang='lat' dir='ltr'><strong>supplemento</strong></span> <span class='ocrx_word' id='word_1_350' title='bbox 962 3728 1048 3780; x_wconf 87' lang='lat' dir='ltr'><strong>usi</strong></span> <span class='ocrx_word' id='word_1_351' title='bbox 1085 3730 1237 3790; x_wconf 89' lang='lat' dir='ltr'><strong>sunt,</strong></span> <span class='ocrx_word' id='word_1_352' title='bbox 1286 3727 1539 3795; x_wconf 87' lang='lat' dir='ltr'><strong>Stephan.</strong></span> <span class='ocrx_word' id='word_1_353' title='bbox 1576 3728 1803 3793; x_wconf 69' lang='lat' dir='ltr'><strong>fiebant,</strong></span> <span class='ocrx_word' id='word_1_354' title='bbox 1856 3727 1999 3796; x_wconf 90' lang='lat' dir='ltr'><strong>quod</strong></span> <span class='ocrx_word' id='word_1_355' title='bbox 2036 3727 2229 3795; x_wconf 89' lang='lat' dir='ltr'><strong>probat</strong></span> <span class='ocrx_word' id='word_1_356' title='bbox 2267 3723 2577 3785; x_wconf 70' lang='lat' dir='ltr'><strong>Wesenberg,</strong></span> <span class='ocrx_word' id='word_1_357' title='bbox 2641 3784 2642 3795; x_wconf 11' lang='grc' dir='ltr'>γ</span> 
     </span>
     <span class='ocr_line' id='line_1_41' title="bbox 401 3795 2642 3866; baseline -0.001 -13"><span class='ocrx_word' id='word_1_358' title='bbox 401 3799 650 3855; x_wconf 89' lang='lat' dir='ltr'><strong>Lambin.</strong></span> <span class='ocrx_word' id='word_1_359' title='bbox 706 3797 921 3866; x_wconf 72' lang='lat' dir='ltr'><strong>ayebat,</strong></span> <span class='ocrx_word' id='word_1_360' title='bbox 988 3797 1142 3850; x_wconf 85' lang='lat' dir='ltr'><strong>Grut.</strong></span> <span class='ocrx_word' id='word_1_361' title='bbox 1196 3797 1449 3863; x_wconf 71' lang='lat' dir='ltr'><strong>dimerat,</strong></span> <span class='ocrx_word' id='word_1_362' title='bbox 1520 3797 1686 3851; x_wconf 90' lang='lat' dir='ltr'><strong>Orell.</strong></span> <span class='ocrx_word' id='word_1_363' title='bbox 1752 3798 2081 3852; x_wconf 75' lang='lat' dir='ltr'><strong>moliebatur</strong></span> <span class='ocrx_word' id='word_1_364' title='bbox 2135 3799 2217 3851; x_wconf 90' lang='lat' dir='ltr'><strong>vel</strong></span> <span class='ocrx_word' id='word_1_365' title='bbox 2278 3795 2578 3864; x_wconf 65' lang='lat' dir='ltr'><strong>ferebantur,</strong></span> <span class='ocrx_word' id='word_1_366' title='bbox 2641 3814 2642 3863; x_wconf 46' lang='lat' dir='ltr'><strong><em>g</em></strong></span> 
     </span>
     <span class='ocr_line' id='line_1_42' title="bbox 401 3867 1649 3937; baseline -0.004 -12"><span class='ocrx_word' id='word_1_367' title='bbox 401 3870 564 3925; x_wconf 87' lang='lat' dir='ltr'><strong>Halm</strong></span> <span class='ocrx_word' id='word_1_368' title='bbox 602 3868 927 3937; x_wconf 73' lang='lat' dir='ltr'><strong>ayebantur,</strong></span> <span class='ocrx_word' id='word_1_369' title='bbox 972 3868 1246 3921; x_wconf 87' lang='lat' dir='ltr'><strong>Eberhard</strong></span> <span class='ocrx_word' id='word_1_370' title='bbox 1276 3867 1649 3936; x_wconf 69' lang='lat' dir='ltr'><strong>parabantm.</strong></span> 
     </span>
    </p>
   </div>
   <div class='ocr_carea' id='block_1_7' title="bbox 2637 1073 2646 3453">
    <p class='ocr_par' dir='ltr' id='par_1_10' title="bbox 2637 1073 2646 3453">
     <span class='ocr_line' id='line_1_43' title="bbox 2637 1073 2646 3453; baseline 0 0"><span class='ocrx_word' id='word_1_371' title='bbox 2637 1073 2646 3453; x_wconf 95' lang='lat' dir='ltr'><strong> </strong></span> 
     </span>
    </p>
   </div>
  </div>
 </body>
</html>
