2669 4354
903 239 971 278 111
1019 237 1372 278 GAmmAM.
2167 224 2245 280 99

8 416 9 423 ’
80 411 335 468 occidente
378 411 537 470 faces
584 412 960 484 ardoremque
1008 412 1192 483 caeli,
1228 415 1292 468 ut
1338 410 1642 468 fulminum
1685 412 1901 485 iactuS,
1949 418 2013 470 ut
2051 418 2248 470 terrae

80 504 229 557 motus
281 501 633 572 relinquam,
686 507 753 557 ut
809 501 1070 558 omittam
1100 493 1148 578 ¹)
1205 504 1434 571 cetera,
1497 515 1646 572 quae
1693 504 1810 556 tam
1856 501 2037 557 multa
2081 500 2248 559 nobis

8 646 11 649 ,
82 587 361 645 consulibus
422 587 579 645 facta
640 594 805 659 sunt,
875 593 940 644 ut
990 587 1135 644 haec
1153 631 1168 660 ,
1246 602 1396 659 quae
1452 603 1606 644 nunc
1665 585 1841 661 fiunt,
1917 605 2130 647 canere
2190 589 2249 647 di

79 676 382 733 immortales
441 676 804 748 viderentur,
872 675 981 732 hoc
1042 680 1204 732 certe
1223 719 1238 747 ,
1299 672 1450 746 quod
1512 691 1637 732 sum
1698 675 1955 733 dicturus
1974 721 1990 754 ,
2058 693 2248 749 neque

79 763 612 834 praetermittendum
665 778 855 835 neque
909 761 1356 833 relinquendum
1399 767 1504 820 est.
1613 762 1763 819 Nam
1821 763 2085 835 profecto
2130 783 2249 824 me·
2273 764 2352 821 19

8 914 9 917 Ἴ
79 851 224 909 moria
264 853 504 924 tenetiS,
570 848 742 908 Cotta
787 857 849 907 et
894 850 1187 921 Torquato
1233 849 1562 907 consulibus
1606 850 1928 923 complures
1972 853 2035 909 111
2082 851 2250 926 Capi-

8 968 11 971 >
76 939 184 996 tolio
238 957 329 997 res
389 938 461 996 de
518 939 683 996 caelo
730 954 858 996 esse
915 953 1247 1010 percussae,
1321 953 1451 993 cum
1510 943 1571 994 et
1633 938 1941 996 simulacra
2006 940 2249 1000 deorum

75 1026 278 1098 depulsa
339 1033 471 1085 sunt
533 1032 594 1083 et
654 1031 882 1084 statuae
936 1031 1201 1083 veterum
1261 1024 1552 1081 hominum
1613 1024 1878 1084 deiectae
1941 1033 2000 1086 et
2055 1030 2249 1103 legum

74 1129 184 1171 aera
234 1112 546 1186 liquefacta
595 1121 654 1171 et
708 1119 897 1171 tactus
944 1113 1122 1170 etiam
1175 1113 1307 1186 ille,
1374 1112 1471 1184 qui
1529 1113 1679 1170 hanc
1725 1114 1929 1172 urbem
1958 1116 2250 1191 condidit,

8 1248 9 1255 ,
71 1200 307 1260 Romulus
324 1248 339 1275 ,
406 1219 577 1274 quem
639 1202 969 1258 inauratum
1028 1200 1091 1256 in
1150 1199 1434 1272 Capitolio
1489 1216 1731 1272 parvum
1793 1207 1968 1275 atque
2027 1205 2250 1263 lactan-

71 1294 161 1345 tem
178 1284 251 1369 2),
298 1291 575 1347 uberibus
619 1289 832 1361 lupinis
877 1288 1226 1360 inhiantem,
1286 1287 1464 1345 fuisse
1509 1289 1867 1348 meministis,
1958 1290 2081 1361 Quo
2127 1294 2249 1365 qui-

72 1376 173 1433 dem
243 1384 502 1450 tempore
579 1393 709 1434 cum
778 1375 1112 1449 haruspices
1181 1391 1251 1431 ex
1325 1380 1450 1432 tota
1520 1374 1758 1434 Etruria
1824 1380 2248 1455 convenissent,

69 1465 247 1523 caedes
302 1472 477 1536 atque
526 1463 798 1522 incendia
854 1468 913 1521 et
972 1464 1166 1535 legum
1228 1463 1526 1519 interitum
1573 1468 1634 1520 et
1682 1463 1899 1522 bellum
1949 1467 2116 1527 civile
2180 1486 2247 1527 ac

8 1610 9 1623 χ
64 1551 407 1611 domesticum
478 1557 538 1611 et
603 1552 782 1610 totius
845 1550 1004 1608 urbis
1072 1556 1242 1622 atque
1311 1551 1543 1623 imperii
1608 1567 1875 1610 occasum
1942 1553 2250 1629 adpropin-

64 1655 214 1711 quare
273 1641 571 1712 dixerunt,
641 1639 755 1696 nisi
820 1638 879 1696 di
942 1639 1293 1695 immortales
1356 1638 1512 1695 omni
1578 1640 1803 1697 ratione
1860 1642 2075 1713 placati
2146 1661 2249 1702 suo

64 1730 268 1787 numine
311 1745 494 1801 prope
534 1727 659 1785 fata
696 1727 825 1799 ipsa
867 1723 1181 1784 flexissent.
1270 1725 1477 1797 Itaque
1514 1725 1744 1783 illorum
1789 1730 2081 1800 responsis
2128 1738 2250 1790 tum
2272 1727 2355 1783 20

64 1822 112 1871 et
148 1816 261 1873 ludi
305 1832 412 1889 per
458 1815 585 1873 dies
630 1815 831 1873 decem
871 1812 1009 1871 facti
1055 1817 1210 1885 sunt,
1259 1829 1449 1884 neque
1495 1828 1592 1871 res
1631 1814 1775 1887 ulla,
1821 1831 1970 1886 quae
2018 1818 2091 1875 ad
2126 1820 2249 1891 pla-

64 1904 247 1961 candos
303 1905 444 1961 deos
506 1903 861 1976 pertineret,
937 1901 1350 1973 praetermissa
1412 1905 1530 1972 est3
1596 1901 1900 1973 eidemque
1959 1903 2253 1964 iusserunt

64 1993 417 2049 sumulacrum
462 1990 615 2047 Iovis
670 1988 867 2047 facere
915 1989 1098 2045 maius
1145 1993 1206 2045 et
1265 1988 1328 2044 111
1385 1989 1613 2046 excelso
1660 1990 1965 2047 conlocare
2011 1998 2071 2051 et
2118 2010 2253 2051 con-

63 2084 167 2152 tra,
252 2084 428 2151 atque
513 2083 687 2135 antea
755 2074 978 2149 fuerat,
1069 2075 1143 2133 ad
1227 2075 1511 2134 orientem
1601 2084 1976 2136 convertere:
2054 2096 2123 2138 ac
2188 2098 2251 2140 se

62 2182 274 2238 sperare
339 2166 611 2226 dixerunt
630 2211 645 2239 ‚
714 2164 762 2222 si
815 2163 957 2222 illud
1015 2164 1241 2238 signum
1257 2209 1272 2237 ,
1356 2163 1507 2236 quod
1569 2162 1808 2237 videtis,
1871 2166 2007 2224 solis
2064 2174 2253 2228 ortum

64 2261 112 2311 et
176 2254 356 2313 forum
430 2254 764 2325 curiamque
828 2252 1217 2325 conspiceret,
1299 2249 1424 2309 fore
1492 2256 1556 2309 ut
1622 2267 1695 2310 ea
1766 2254 2040 2330 consilia,
2106 2274 2253 2330 quae

63 2342 189 2400 clam
252 2348 452 2402 essent
506 2341 652 2399 inita
709 2344 909 2398 contra
977 2341 1223 2398 salutem
1298 2339 1459 2397 urbis
1531 2344 1707 2411 atque
1776 2341 2036 2418 imperii,
2104 2346 2255 2403 inlu-

61 2435 387 2503 strarentur,
482 2433 547 2486 ut
613 2444 649 2486 a
706 2432 913 2485 senatu
987 2428 1310 2500 populoque
1371 2426 1628 2484 Romano
1686 2430 1939 2501 perspici
2001 2439 2254 2504 possent.

60 2518 228 2590 Atque
272 2516 418 2576 illud
464 2518 693 2589 signum
717 2509 770 2596 3)
831 2514 1225 2573 collocandum
1263 2516 1528 2572 consules
1589 2514 1676 2571 illi
1730 2517 2096 2594 locaverunt,
2150 2522 2255 2580 sed

58 2610 199 2664 tanta
244 2606 357 2664 fuit
407 2606 601 2678 operis
655 2603 901 2661 tarditas
919 2648 934 2675 ,
989 2608 1053 2659 ut
1097 2617 1286 2674 neque
1333 2601 1726 2675 superioribus
1782 2606 2106 2665 consulibus
2154 2626 2255 2667 ne-

60 2711 151 2764 que
193 2694 361 2753 nobis
410 2697 546 2750 ante
592 2690 932 2750 hodiernum
977 2689 1131 2747 diem
1190 2690 1609 2748 conlocaretur.
1715 2690 1828 2747 Hic
1884 2694 2010 2763 quis
2063 2701 2256 2768 potest
2272 2680 2316 2746 9

59 2797 194 2855 esse,
240 2781 500 2851 Quirites
519 2774 600 2860 4),
646 2784 764 2836 tam
801 2793 1036 2835 aversus
1080 2792 1116 2835 a
1160 2793 1320 2846 1810,
1369 2782 1490 2834 tam
1533 2792 1848 2850 praecepS,
1894 2784 2014 2838 tam
2058 2788 2255 2841 mente
2277 2776 2355 2832 21

60 2874 273 2941 captus,
349 2869 447 2940 qui
514 2871 691 2941 neget
748 2867 893 2924 haec
965 2866 1181 2936 omnia,
1256 2880 1406 2937 quae
1470 2862 1758 2943 videmus,
1832 2870 2254 2943 praecipueque

57 2955 186 3015 hanc
212 2957 420 3015 urbem
461 2956 699 3013 deorum
743 2952 1150 3011 immortalium
1196 2950 1339 3009 nutu
1386 2968 1454 3009 ac
1498 2956 1788 3024 potestate
1826 2952 2257 3015 administrari?

59 3043 275 3103 Etenim
337 3060 466 3101 cum
518 3048 676 3101 esset
736 3042 823 3100 ita
880 3056 1237 3114 responsum,
1315 3040 1555 3113 caedeS,
1632 3040 1903 3099 incendia
1954 3043 2254 3102 interitum

57 3134 130 3189 rei
180 3133 450 3206 publicae
516 3129 866 3203 comparari,
945 3133 1007 3186 et
1067 3144 1139 3185 ea
1195 3145 1303 3200 per
1361 3128 1547 3200 01188,
1620 3143 1770 3200 quae
1831 3133 1953 3186 tum
2018 3139 2257 3205 propter

56 3220 496 3295 magnitudinem
554 3220 839 3276 scelerum
906 3232 1027 3274 non
1065 3216 1236 3273 nullis
1297 3214 1668 3274 incredibilia
1727 3215 2105 3293 videbantur3
2184 3237 2256 3279 ea

56 3324 155 3366 non
213 3308 387 3367 modo
446 3307 703 3379 cogitata
767 3321 804 3363 a
864 3302 1105 3362 nefariis
1171 3302 1418 3376 civibuS,
1488 3318 1689 3360 18111111
1758 3304 1932 3362 etiam
1989 3315 2260 3381 suscepta

55 3411 167 3455 esse
185 3391 241 3477 5)
290 3395 571 3454 sensistis
682 3393 834 3451 Illud
878 3408 1017 3450 1810
1075 3407 1265 3449 11011118
1327 3391 1414 3448 ita
1468 3406 1749 3465 praesens
1808 3397 1922 3467 est,
1998 3401 2064 3453 ut
2116 3403 2260 3455 nutu

178 3617 232 3683 1)
273 3612 585 3680 relinquam
618 3616 680 3664 ut
718 3609 962 3663 omittam
1001 3608 1153 3663 deest
1197 3608 1256 3661 in
1304 3606 1455 3661 codd.
1497 3607 1767 3661 nonnullis
1786 3648 1798 3671 ,
1850 3607 2094 3660 omittam
2140 3622 2262 3660 unc.

56 3683 165 3738 incl.
201 3681 501 3739 Eberhard.
679 3681 732 3748 2)
780 3681 1062 3733 lactentem
1092 3677 1244 3732 codd.
1282 3679 1518 3747 aliquot,
1556 3676 1847 3733 Eberhard.
2028 3679 2082 3746 3)
2118 3675 2261 3729 illud

57 3755 255 3822 siquam
291 3753 513 3807 inclusit
545 3752 773 3819 Kayser.
951 3750 1009 3816 4)
1067 3749 1306 3817 Quirites
1356 3764 1459 3801 om.
1509 3764 1552 3804 c.
1592 3747 1745 3803 codd.
1784 3747 2061 3802 nonnullis
2096 3747 2260 3801 Eber-

8 3839 9 3846 ¹
56 3824 191 3880 hard.
340 3826 394 3891 5)
435 3838 549 3876 esse
583 3839 685 3876 om.
725 3821 829 3874 duo
868 3819 1048 3883 codd.‚
1094 3819 1200 3873 dcl.
1238 3818 1421 3872 Halm.

132 3912 222 3954 Cic.
256 3911 395 3955 Oratt.
429 3908 538 3950 Sell.
1787 3897 1822 3954 7
1871 3903 1878 3910 ¹
