2669 4354
893 255 1077 294 LIBER
1119 254 1406 303 QVARTVS.
2131 241 2256 299 303

71 429 300 487 modium
335 428 442 486 LX
488 429 648 486 milia
694 435 888 502 empta
932 431 1143 502 populo
1178 428 1435 487 Romano
1483 429 1623 487 dare
1671 429 1963 487 debebant
2008 436 2070 488 et
2113 431 2262 488 sole-

72 517 222 589 bant,
268 515 371 574 abs
417 522 478 574 te
525 518 646 574 solo
694 518 992 574 remissum
1035 523 1138 575 est.
1228 517 1345 575 Res
1388 517 1621 589 publica
1651 517 2058 575 detrimentum
2101 518 2259 592 fecit,

71 606 199 678 quod
241 623 350 679 per
394 610 454 662 te
502 605 731 677 imperii
777 606 865 663 ius
920 607 981 662 111
1026 622 1144 662 una
1185 606 1419 663 civitate
1465 606 1828 663 imminutum
1885 611 2000 679 est3
2058 605 2260 680 Siculi,

71 694 200 766 quod
264 695 453 766 ipsum
479 686 529 772 ¹)
607 709 722 750 non
789 694 861 751 de
928 711 1148 751 summa
1226 692 1503 751 frumenti
1568 693 1890 751 detractum
1959 700 2079 767 est,
2157 694 2260 752 sed

36 782 392 840 vtranslatum
437 782 499 839 in
545 780 955 854 Centuripinos
1002 789 1063 839 et
1107 781 1486 855 HalaesinOS,
1548 783 1828 839 immunes
1867 782 2138 855 popuIOS,
2201 788 2262 841 et

71 871 158 928 hoc
201 866 333 942 plus
378 870 707 943 impositum
727 915 742 943 ,
794 887 966 941 quam
1009 869 1168 928 ferre
1215 875 1470 942 possent.
1561 870 1782 928 Navem
1836 871 2123 942 imperare
2183 887 2261 927 ex
2281 873 2360 930 21

71 959 286 1017 foedere
319 958 598 1031 debuisti,
637 959 909 1015 remisisti
940 958 1001 1015 in
1031 958 1362 1017 triennium.
1452 958 1701 1016 Militem
1731 958 1947 1015 nullum
1993 975 2260 1029 umquam

70 1047 357 1120 poposcisti
415 1054 528 1119 per'
566 1053 649 1104 tot
706 1062 904 1103 annos
1016 1047 1231 1103 Fecisti
1287 1047 1461 1116 item,
1532 1053 1594 1103 ut
1649 1046 1976 1118 praedones
2035 1046 2260 1103 solent:

72 1136 148 1206 qui
215 1151 346 1193 cum
408 1133 604 1192 hostes
669 1150 996 1192 communes
1058 1135 1171 1191 sint
1236 1134 1511 1207 omnium,
1588 1141 1782 1192 tamen
1859 1134 2082 1206 aliquos
2153 1133 2262 1191 sibi

70 1224 356 1280 instituunt
387 1216 630 1296 amicos,
673 1222 877 1295 quibus
917 1239 1031 1280 non
1076 1223 1244 1279 modo
1274 1229 1540 1295 parcant,
1588 1239 1787 1279 verum
1823 1222 1998 1280 etiam
2043 1222 2264 1294 praeda

70 1328 190 1382 quos
248 1317 533 1384 augeant,
598 1318 657 1369 et
717 1326 817 1368 eos
877 1312 1156 1383 maxime,
1214 1312 1310 1383 qui
1362 1309 1579 1368 habent
1625 1310 1894 1384 oppidum
1943 1315 2264 1383 opportuno

68 1400 201 1473 loco,
281 1417 395 1470 quo
441 1415 618 1472 saepe
676 1399 1002 1457 adeundum
1058 1400 1130 1457 sit
1187 1399 1426 1456 navibus
1447 1444 1462 1471 ,
1538 1415 1651 1455 non
1714 1414 2022 1470 numquam
2088 1399 2266 1456 etiam

69 1489 379 1546 necessario
404 1481 473 1566 2).

223 1576 487 1633 Phaselis
549 1576 675 1648 illa,
759 1591 929 1647 quam
992 1576 1148 1648 cepit
1206 1575 1268 1631 P.
1329 1574 1638 1647 Servilius,
1710 1592 1825 1632 non
1878 1574 2067 1631 fuerat
2130 1574 2265 1632 urbs
2283 1569 2372 1636 10

71 1671 224 1722 antea
263 1664 504 1721 Cilicum
553 1669 726 1735 atque
780 1652 1167 1735 praedonum:
1237 1663 1400 1734 Lycii
1456 1661 1616 1718 illam
1634 1706 1648 1734 ,
1717 1662 1926 1720 Graeci
1986 1661 2266 1734 homineS,

70 1752 416 1825 incolebant3
482 1751 587 1809 sed
635 1752 784 1823 quod
831 1757 960 1809 erat
1003 1753 1124 1808 eius
1169 1751 1322 1809 modi
1369 1751 1494 1806 loco
1541 1756 1714 1822 atque
1759 1751 1843 1807 ita
1895 1750 2152 1821 proiecta
2204 1750 2266 1806 in

70 1842 262 1913 altum,
320 1847 385 1897 ut
430 1845 491 1898 et
534 1845 811 1898 exeuntes
859 1856 891 1896 e
940 1839 1143 1897 Cilicia
1178 1837 1506 1912 praedones
1553 1854 1728 1911 saepe
1776 1838 1848 1896 ad
1896 1854 2026 1895 eam
2065 1853 2269 1895 neces-

41 1929 202 2003 sario
265 1928 644 2002 devenirent,
712 1933 806 2000 et,
851 1945 979 1985 cum
1024 1944 1086 1985 se
1130 1944 1199 1984 ex
1238 1927 1401 1983 hisce
1444 1927 1584 1983 locis
1628 1926 1989 1999 reciperent,
2064 1924 2267 1982 eodem

68 2015 454 2088 deferrentur,
503 2015 873 2073 adsciverunt
917 2015 1027 2072 sibi
1074 2016 1215 2072 illud
1263 2014 1533 2087 oppidum
1578 2014 1840 2086 piratae,
1887 2014 2070 2086 primo
2117 2029 2268 2070 com-

69 2106 297 2176 mercio,
370 2103 582 2162 deinde
651 2104 826 2160 etiam
899 2104 1199 2161 societate.
1319 2102 1673 2159 Mamertina
1745 2103 1946 2160 civitas
2008 2100 2272 2174 improba
2291 2103 2372 2160 22

73 2200 231 2251 antea
274 2209 393 2251 non
436 2200 590 2265 erat3
649 2193 824 2251 etiam
872 2199 999 2250 erat
1043 2193 1278 2249 inimica
1323 2192 1738 2265 improborum,
1799 2208 1949 2263 quae
1994 2189 2054 2247 C.
2101 2188 2271 2247 Cato-
2313 2222 2319 2234 κ

73 2282 175 2354 1113,
221 2282 382 2339 illius
414 2282 512 2353 qui
558 2280 755 2338 consul
800 2278 936 2353 fuit,
985 2280 1397 2352 impedimenta
1426 2280 1685 2337 retinuit.
1774 2281 1854 2337 At
1883 2280 2045 2336 cuius
2089 2278 2273 2335 homi-

74 2371 175 2426 nis!
236 2370 544 2427 clarissimi
589 2386 658 2426 ac
698 2369 1107 2441 potentissimi,
1165 2369 1262 2440 qui
1317 2373 1543 2440 tamen,
1605 2384 1732 2423 cum
1796 2367 1991 2424 consul
2048 2365 2272 2438 fuisset,

77 2459 474 2516 condemnatus
518 2464 620 2515 est.
728 2459 819 2526 Ita
866 2456 926 2515 C.
975 2455 1144 2529 Cato,
1203 2456 1440 2512 duorum
1490 2456 1782 2512 hominum
1829 2455 2274 2513 clarissimorum

76 2563 266 2619 nepoS,
329 2546 394 2605 L.
442 2546 626 2602 Paulli
669 2551 731 2603 et
771 2544 852 2604 M.
898 2545 1159 2616 CatoniS,
1207 2549 1267 2601 et
1311 2544 1374 2600 P.
1407 2541 1670 2600 Africani
1716 2544 1929 2601 sororis
1974 2538 2270 2619 filius...³)

77 2652 171 2704 quo
215 2634 519 2707 damnatO,
577 2639 714 2690 tunc
762 2649 888 2689 011111
934 2648 1140 2690 severa
1185 2632 1401 2688 iudicia
1445 2629 1700 2704 fiebant,
1748 2630 1857 2689 HS.
1908 2623 2088 2710 11114)
2127 2631 2274 2687 mili·
2323 2676 2325 2678 .

13 2785 14 2788 Ἴ
76 2721 168 2777 bus
210 2723 280 2779 lis
328 2722 638 2780 aestimata
686 2722 799 2778 est!
888 2720 1040 2777 Huic
1084 2719 1418 2777 Mamertini
1463 2720 1596 2775 irati
1642 2717 1906 2790 fuerunt,
1954 2718 2052 2790 qui
2098 2718 2277 2775 maio-

76 2826 185 2865 rem
229 2817 547 2883 sumptum,
594 2825 767 2881 quam
813 2808 1013 2880 quanti
1048 2806 1279 2864 Catonis
1326 2807 1397 2863 lis
1444 2807 1748 2864 aestimata
1796 2813 1915 2878 est,
1960 2806 2024 2863 in
2056 2806 2278 2863 Timar-

75 2898 216 2955 chidi
266 2897 595 2971 prandium.
621 2914 798 2970 saepe
855 2895 1140 2954 fecerunt.
1233 2895 1450 2953 Verum
1505 2896 1653 2952 haec
1700 2894 1903 2951 civitas
1956 2894 2051 2951 isti
2107 2910 2279 2965 prae·
2299 2895 2379 2953 23

75 2984 200 3042 doni
268 3003 337 3043 ac
401 2986 629 3059 piratae
693 2985 982 3043 Siciliensi
1038 2983 1302 3041 Phaselis
1369 2981 1493 3040 fuit.
1579 2983 1706 3040 Huc
1769 2983 1959 3039 omnia
2026 2982 2276 3052 undique

74 3072 511 3147 deferebantur,
566 3074 719 3145 apud
765 3074 906 3130 istos
955 3070 1462 3144 relinquebantur,
1522 3070 1673 3142 quod
1720 3071 1898 3127 celari
1943 3086 2086 3141 opus
2134 3077 2278 3142 erat,

73 3160 355 3220 habebant
402 3162 720 3234 sepositum
761 3167 821 3217 et
860 3160 1250 3233 reconditum,
1308 3176 1417 3231 per
1475 3159 1615 3217 istos
1660 3172 1809 3231 quae
1856 3157 2086 3216 volebat
2131 3157 2279 3214 clam

74 3249 441 3322 imponenda,
501 3252 725 3307 occulte
782 3248 1137 3321 exportanda
1196 3247 1466 3320 curabat,
1536 3264 1736 3304 navem
1796 3247 2045 3318 denique
2101 3246 2280 3302 maxi-

75 3354 244 3413 mam,
318 3356 488 3412 quam
555 3335 820 3395 onustam
884 3336 1050 3393 furtis
1116 3336 1178 3392 in
1240 3333 1470 3394 Italiam
1545 3336 1802 3393 mitteret
1821 3380 1836 3407 ,
1920 3333 2074 3407 apud
2141 3334 2280 3393 istos

216 3529 263 3584 1)
300 3526 540 3579 Lambin.
578 3523 678 3575 hoc
712 3522 920 3588 ipsum·
959 3520 1235 3573 Eberhard
1271 3519 1330 3571 id
1369 3519 1562 3585 ipsum.
1767 3520 1820 3581 2)
1857 3534 1971 3571 ‘nou
2009 3549 2076 3556 —
2116 3533 2285 3570 neces-

75 3595 229 3648 sario
263 3593 536 3649 Eberhard
574 3593 726 3646 uncis
755 3593 881 3645 incl.
992 3592 1047 3659 3)
1084 3592 1333 3644 Laeunae
1371 3590 1529 3656 signa
1565 3590 1747 3656 posuit
1771 3589 2021 3654 Richter,
2057 3605 2285 3656 sequun-

74 3672 164 3719 tur
201 3667 385 3732 Halm,
437 3663 743 3725 Eberhard,
793 3663 1007 3716 Miiller.
1080 3661 1332 3728 Plerique
1381 3659 1614 3713 editores
1659 3660 1745 3712 vel
1794 3660 1924 3712 haec
1972 3659 2152 3711 omnia
2189 3658 2285 3710 Ita

80 3737 133 3790 C.
181 3736 309 3789 Cato
355 3771 414 3777 -—
455 3735 541 3788 his
584 3733 877 3787 aestimata
911 3737 989 3785 est
1036 3732 1121 3784 vel
1168 3731 1263 3783 Ita
1302 3729 1359 3784 G.
1404 3729 1537 3783 Cato
1575 3761 1636 3766 ——
1678 3730 1884 3782 sororis
1919 3729 2070 3794 fillius
2111 3729 2285 3782 inclu-

75 3811 260 3861 serunt
301 3811 576 3876 tamquam
636 3806 843 3858 inserta
885 3821 947 3856 ex
995 3803 1042 3853 V
1048 3803 1133 3855 ell.
1184 3802 1302 3854 Pat.
1360 3800 1434 3864 11,
1487 3799 1521 3854 8
1575 3801 1671 3853 cfr.
1730 3800 1880 3852 Verr.
1934 3800 2035 3863 III,
2094 3800 2125 3865 ἓ
2166 3797 2281 3852 184.

74 3880 128 3947 4)
172 3878 336 3934 Codd.
375 3879 440 3934 de
479 3892 700 3932 numero
739 3877 878 3930 inter
917 3893 974 3927 se
1009 3873 1290 3939 differunt,
1336 3875 1393 3925 at
1434 3888 1482 3926 v.
1516 3870 1652 3929 Vell.
1689 3871 1808 3925 Pat.
1849 3871 1888 3923 1.
1926 3886 1970 3924 c.
