2669 4354
751 251 867 291 Pno
909 251 962 291 T.
1009 249 1200 291 Amo
1242 250 1491 290 mmonn.
2108 232 2232 292 175

67 430 226 498 stupro
246 418 297 505 ¹)
349 426 624 484 iudicium
682 426 1039 485 decernendi
1096 425 1322 484 senatui
1366 428 1624 497 potestas
1669 428 1824 483 esset
1868 429 2102 498 erepta,
2161 423 2236 483 de

67 514 153 571 eius
204 514 439 572 interitu
500 516 628 586 quis
695 519 887 587 potest
948 514 1189 572 credere
1233 518 1498 571 senatum
1542 511 1816 570 iudicium
1854 528 2062 569 novum
2101 528 2233 569 con·

67 602 368 659 {timendum
427 606 706 675 putasse?
799 601 916 660 Cur
970 602 1147 676 igitur
1188 600 1519 659 incendium
1562 600 1758 658 curiae
1775 645 1791 674 ,
1850 600 2236 673 oppugnatio-

68 706 158 747 1em
197 689 423 748 aedium
467 690 548 748 M.
596 690 830 764 Lepidi,
871 690 1110 748 caedem
1154 690 1304 746 hanc
1351 690 1533 762 ipsam
1569 695 1767 745 contra
1794 704 1919 746 rem
1947 687 2235 759 publicam

67 784 249 836 enatus
315 778 529 835 factam
593 795 719 837 esse
782 778 1080 836 decrevit?
1182 777 1331 848 Quia
1389 776 1552 834 nulla
1597 777 1684 834 vis
1728 787 1998 848 umquam
2039 780 2130 832 est
2173 775 2235 832 in

68 865 202 922 ibera
266 867 503 924 civitate
564 872 839 940 suscepta
896 866 1050 924 inter
1107 865 1263 923 cives
1324 881 1441 922 non
1501 871 1703 922 contra
1753 880 1876 921 rem
1922 863 2233 935 publicam.

67 953 150 1010 §on
210 955 363 1012 enim
425 958 514 1012 est
568 955 671 1013 illa
731 953 994 1011 defensio
1038 957 1244 1011 contra
1302 953 1418 1010 vim
1473 968 1738 1023 umquam
1789 950 2070 1025 optanda,
2131 949 2236 1008 sed
2256 953 2337 1011 14

67 1057 134 1097 101]
196 1057 508 1114 numquam
585 1047 674 1100 est
730 1043 1093 1100 necessaria:
1156 1041 1267 1097 nisi
1324 1056 1465 1098 vero
1525 1044 1630 1096 aut
1690 1039 1785 1097 ille
1832 1039 1987 1112 dieS,
2044 1055 2157 1111 quo
2182 1033 2235 1118 ²)

67 1128 114 1184 Pi.
156 1128 451 1189 Gracchus
514 1135 599 1188 est
665 1146 901 1203 caesuS,
963 1134 1062 1187 aut
1116 1129 1246 1202 ille,
1312 1143 1426 1201 quo
1472 1126 1684 1201 CaiuS,
1752 1133 1854 1185 aut
1914 1142 2027 1199 quo
2073 1142 2236 1185 arma

67 1217 332 1292 sturnini,
401 1218 627 1275 etiamsi
689 1233 722 1274 e
781 1235 847 1275 re
908 1215 1169 1290 publica,
1231 1230 1510 1288 oppressa
1551 1221 1714 1289 sunt,
1771 1232 1898 1274 rem
1941 1214 2235 1288 publicam

67 1320 210 1364 amen
253 1322 375 1364 non
420 1306 797 1363 volnerarunt
818 1299 888 1385 8).
964 1304 1170 1377 Itaque
1214 1320 1321 1375 ego
1363 1303 1486 1375 ipse
1519 1302 1788 1377 decrevi,
1835 1319 1962 1360 cum
1993 1296 2295 1364 caedemss

67 1409 88 1447 [1
121 1394 300 1466 Appia
363 1391 579 1451 factam
639 1409 767 1451 esse
828 1396 1148 1465 constaret,
1208 1408 1324 1449 non
1365 1407 1531 1465 eum,
1603 1391 1700 1463 qui
1750 1407 1812 1448 se
1859 1388 2235 1465 defendisset,

70 1487 213 1538 ontra
256 1498 389 1540 rem
435 1479 728 1554 publicam
775 1480 1022 1553 fecisse,
1076 1479 1210 1553 sed,
1272 1492 1404 1537 cum
1449 1480 1710 1538 inessent
1732 1473 1787 1558 ⁴)
1833 1479 1895 1535 in
1940 1494 2004 1537 re
2041 1479 2128 1536 vis
2176 1483 2238 1537 et

65 1569 250 1627 nsidiae
269 1614 285 1643 ,
375 1571 597 1627 crimen
669 1569 882 1627 iudicio
941 1569 1264 1640 reservavi,
1339 1583 1461 1624 rem
1535 1568 1748 1625 notavi.
1859 1566 2072 1638 Quodsi
2130 1582 2239 1639 per

65 1657 284 1715 uriosum
371 1656 539 1715 illum
631 1657 926 1715 tribunum
992 1656 1257 1728 senatui,
1338 1653 1489 1728 quod
1555 1655 1876 1726 sentiebat,
1951 1651 2236 1727 perficere

65 1744 299 1819 lenisset,
395 1760 603 1803 novam
679 1745 1074 1818 quaestionem
1141 1743 1364 1801 nullam
1427 1741 1806 1816 haberemus;
1883 1741 2238 1800 decernebat

66 1832 192 1906 nim,
246 1839 313 1892 ut
373 1833 674 1891 veteribus
737 1832 963 1907 legibus
980 1877 995 1906 ,
1063 1836 1291 1890 tantum
1332 1830 1500 1889 modo
1547 1835 1713 1887 extra
1755 1829 2017 1888 ordinem
2063 1845 2238 1903 quae-

65 1926 259 1979 ·eretur.
354 1920 562 1979 Divisa
631 1921 925 1979 sententia
986 1926 1075 1979 est
1139 1919 1470 1993 postulante
1537 1918 1733 1976 nescio
1792 1935 1903 1991 quo
1967 1950 2043 1958 —-
2095 1917 2239 1975 nihil

65 2008 170 2064 enim
233 2024 482 2067 necesse
545 2013 635 2066 est
684 2009 935 2066 omnium
994 2025 1087 2066 me
1150 2005 1374 2079 flagitia
1415 2006 1676 2079 proferre
1724 2028 1839 2080 ——3
1887 2006 1970 2063 sic
2010 2005 2239 2077 reliqua

65 2098 325 2155 auctoritas
372 2100 613 2154 senatus
655 2101 849 2169 empta
892 2095 1307 2154 intercessione
1356 2093 1586 2154 sublata
1631 2098 1736 2151 est.

184 2185 261 2243 At
307 2185 470 2242 enim
517 2184 618 2244 Cn.
663 2184 976 2258 Pompeius
1021 2185 1326 2257 rogatione
1376 2200 1483 2242 sua
1529 2190 1591 2242 et
1633 2182 1706 2241 de
1750 2199 1817 2241 re
1863 2187 1924 2240 et
1958 2181 2031 2240 de
2063 2196 2239 2240 causa
2260 2182 2340 2242 15

65 2271 322 2348 udicavit3
405 2273 538 2330 tulit
595 2273 750 2330 enim
795 2271 867 2330 de
915 2271 1124 2350 caede,
1192 2287 1342 2345 quae
1388 2272 1449 2328 in
1489 2271 1679 2345 Appia
1722 2271 1818 2329 via
1861 2269 2019 2329 facta
2066 2274 2238 2343 esset,

65 2375 89 2413 n
148 2378 256 2433 qua
326 2362 398 2419 P.
462 2359 698 2418 Clodius
750 2362 972 2418 occisus
1036 2366 1207 2419 esset.
1299 2358 1451 2429 Quid
1512 2375 1649 2432 ergo
1693 2359 1868 2416 tulit?
1921 2373 2128 2430 nempe
2175 2362 2241 2415 ut

65 2455 414 2517 insereretur.
519 2447 667 2519 Quid
734 2464 904 2519 porro
976 2447 1373 2521 quaerendum
1432 2450 1564 2506 est?
1641 2443 1932 2505 factumne
2001 2446 2115 2505 sit?
2178 2450 2242 2503 at

66 2543 249 2595 cnstat
343 2538 401 2594 A
446 2552 559 2607 quo
578 2538 607 2593 ⁴?
667 2542 729 2595 at
768 2541 937 2609 paret
959 2530 1027 2616 ⁵).
1117 2535 1277 2593 Vidit
1320 2535 1500 2607 igitur
1551 2535 1726 2593 etiam
1770 2534 1830 2591 in
1876 2531 2239 2592 confessione

65 2620 159 2680 'acti
203 2626 349 2682 iuris
401 2629 596 2682 tamen
642 2622 1039 2683 defensionem
1081 2624 1295 2695 suscipi
1339 2639 1525 2695 posse.
1616 2621 1780 2692 Quod
1823 2621 1937 2678 nisi
1980 2620 2239 2696 vidisset,

65 2725 177 2769 osse
241 2712 472 2770 absolvi
538 2729 702 2784 eum,
800 2713 899 2783 qui
963 2709 1283 2784 fateretur,
1378 2727 1507 2768 cum
1572 2710 1800 2768 videret
1864 2725 1968 2767 nos
2045 2707 2238 2779 fateri,

63 2813 200 2870 leque
261 2801 476 2873 quaeri
544 2816 815 2872 umquam
857 2800 1155 2873 iussisset,
1216 2815 1328 2857 nec
1372 2798 1535 2856 vobis
1579 2803 1698 2855 tam
1737 2797 1887 2855 hanc
1929 2797 2239 2855 salutarem

63 2901 88 2939 n
139 2887 452 2947 iudicando
507 2887 766 2945 litteram
828 2904 998 2960 quam
1057 2888 1217 2945 illam
1273 2887 1501 2944 tristem
1547 2884 1819 2943 dedisset.
1908 2884 2056 2942 Mihi
2100 2900 2241 2942 vero

63 2969 126 3029 311.
163 2975 480 3048 Pompeius
525 2991 642 3034 non
683 2975 852 3033 modo
897 2976 1043 3032 nihil
1085 2975 1320 3049 gravius
1367 2979 1569 3032 contra
1609 2973 1892 3031 Milonem
1936 2971 2241 3045 iudicasse,

153 3159 203 3225 1)
243 3158 430 3213 Schol.
469 3157 604 3211 Bob.
643 3157 882 3222 incestu,
924 3156 1069 3225 quod
1103 3155 1298 3225 probat
1334 3156 1454 3209 Rau
1491 3155 1669 3209 deleto
1704 3159 1912 3222 stupra.
2057 3154 2111 3222 2)
2152 3154 2240 3208 Sic

63 3229 218 3293 ,amb.;
270 3230 329 3282 in
369 3226 523 3281 libris
563 3228 737 3281 estin
773 3241 893 3294 qua.
1108 3228 1162 3293 3)
1221 3225 1309 3279 Sic
1351 3225 1505 3280 codd.
1555 3228 1699 3296 opt.;
1759 3226 2241 3292 interpunctionem

63 3301 140 3349 ost
172 3315 228 3351 re
256 3297 493 3366 publica
526 3299 706 3366 posuit
739 3297 1028 3351 Eberhard.
1102 3296 1354 3365 Madvig:
1407 3300 1508 3347 aut
1544 3312 1705 3349 arma
1756 3295 2059 3349 Saturnini
2108 3311 2238 3358 non,

63 3365 224 3420 tiamsi
260 3385 287 3422 e
333 3385 396 3421 re
435 3368 587 3435 publ.
626 3384 889 3436 oppressa
935 3373 1092 3432 sunt,
1151 3383 1262 3419 rem
1303 3365 1589 3434 publicam
1635 3373 1815 3420 tamen
1859 3366 2237 3419 vulnerarunt.

63 3436 208 3491 lakius
243 3441 301 3492 in
342 3440 448 3494 Cic.
487 3440 657 3507 Legg.
695 3456 745 3508 p.
775 3439 893 3492 613.
933 3441 1033 3489 aut
1069 3452 1207 3504 quae
1243 3453 1404 3489 arma
1434 3436 1809 3490 Satwrninum
1841 3441 2240 3503 oppresserwnt‚

63 3507 226 3561 tiamsi
268 3526 305 3562 e.
341 3508 652 3576 republica,
702 3524 813 3561 rem
854 3506 1012 3576 publ.
1051 3515 1230 3561 tamen
1264 3523 1380 3560 non
1414 3507 1795 3559 vulnerarunt.
1881 3505 2090 3572 Kayser
2136 3511 2240 3560 aut

64 3591 123 3629 uo
156 3596 314 3631 arma
344 3578 401 3632 S.
442 3594 702 3646 oppressa
737 3584 894 3639 sunt,
932 3578 1097 3632 etiam
1135 3594 1161 3629 e
1194 3594 1253 3630 re
1277 3593 1338 3645 p.
1377 3592 1636 3643 oppressa
1672 3582 1802 3630 sunt
1837 3580 1940 3630 cet.
1977 3575 2108 3630 Wex
2143 3581 2243 3630 aut

64 3662 269 3712 ppressa
304 3665 444 3703 arm.
471 3648 659 3704 Satur.
731 3649 909 3702 Verba
942 3664 1057 3701 non
1092 3647 1234 3701 enim
1269 3680 1339 3687 —
1373 3646 1684 3700 necessaria
1720 3650 1844 3715 post
1877 3647 2242 3700 vulnerarunt

64 3718 195 3772 *osuit
224 3719 443 3774 Linker.
639 3720 696 3786 4)
731 3718 933 3773 Erfurt.
972 3719 1081 3773 cod.
1118 3718 1385 3784 inessent;
1422 3717 1621 3772 inesset
1658 3718 1844 3771 Baiter
1881 3733 1944 3770 ex
1980 3717 2237 3785 Tegerns.

63 3789 89 3909 ἃ
121 3788 252 3843 aliis.
420 3791 477 3857 5)
525 3789 614 3844 Sic
650 3788 816 3843 schol.
854 3788 1011 3855 Bob.;
1064 3788 1217 3843 codd.
1267 3788 1355 3842 vel
1390 3794 1623 3856 apparet
1658 3788 1760 3858 vel}
1796 3793 1855 3841 at
1891 3792 2122 3856 apparet
2152 3787 2241 3840 vel

112 3865 278 3925 patet.
