2669 4354
435 234 562 292 264
879 241 883 246 '
1424 245 1643 286 ortano

436 428 494 480 et
546 422 900 495 perniciosos
953 422 1108 478 cives
1164 425 1533 493 putaverunt.
1651 421 1731 476 At
1786 434 1923 476 vero
1982 420 2079 491 qui
2138 420 2345 478 horum
2398 421 2618 492 impetus

433 516 492 568 et
523 517 763 568 conatus
805 518 1232 581 represserunt,
1275 508 1374 579 qui
1404 509 1783 578 auctoritate,
1831 508 1926 579 qui
1970 505 2110 579 fide,
2157 509 2257 579 qui
2303 511 2617 576 constantia,

430 599 526 670 qui
571 597 966 670 magnitudine
1012 596 1188 653 animi
1236 596 1490 654 consiliis
1535 595 1835 652 audacium
1879 597 2221 653 restiterunt
2237 639 2253 667 ,
2314 596 2370 653 hi
2415 613 2617 668 graveS,

429 687 489 743 hi
548 686 873 759 principes,
949 685 1010 741 hi
1066 684 1275 756 duceS,
1351 684 1413 740 hi
1477 689 1744 740 auctores
1802 683 1968 740 huius
2025 684 2325 754 dignitatis
2354 679 2401 763 ¹)
2464 692 2616 756 atque

429 774 659 845 imperii
697 789 926 845 semper
965 771 1149 829 habiti
1193 776 1340 829 sunt.

328 870 413 936 (5‘7
602 862 688 918 Ac
731 876 807 917 ne
855 860 983 932 quis
1030 877 1101 916 ex
1145 865 1344 916 nostro
1403 864 1506 915 aut
1559 858 1874 929 aliquorum
1932 863 2242 931 praeterea
2300 875 2437 916 casu
2490 860 2618 917 hanc

284 965 411 1022 140
431 949 583 1006 vitae
628 949 779 1005 viam
823 948 1228 1021 pertimescat,
1269 962 1415 1003 unus
1455 945 1514 1000 in
1560 945 1671 1002 hac
1717 946 1951 1003 civitate
1969 991 1984 1018 ,
2043 963 2214 1018 quem
2263 947 2487 1018 quidem
2530 965 2618 1018 ego

428 1052 656 1108 possum
701 1035 925 1100 dicere,
969 1034 1267 1106 praeclare
1314 1034 1402 1089 vir
1448 1033 1520 1091 de
1567 1050 1631 1090 re
1678 1033 1907 1104 publica
1946 1035 2213 1107 merituS,
2260 1034 2328 1091 L.
2367 1034 2617 1108 Opimius

425 1124 819 1197 indignissime
866 1121 1147 1179 concidit:
1209 1122 1369 1178 cuius
1427 1126 1851 1178 monumentum
1898 1121 2339 1179 celeberrimum
2394 1124 2454 1180 in
2493 1123 2619 1194 fore,

428 1211 753 1284 sepulcrum
822 1210 1271 1268 desertissimum
1349 1210 1412 1265 in
1490 1209 1659 1266 litore
1730 1208 2130 1281 Dyrrhachino
2197 1211 2465 1268 relictum
2531 1218 2619 1268 est,

425 1301 618 1371 Atque
652 1298 806 1355 hunc
833 1303 1028 1355 tamen
1062 1296 1407 1368 flagrantem
1439 1295 1655 1354 invidia
1692 1302 1928 1369 propter
1973 1298 2274 1354 interitum
2312 1297 2374 1356 O.
2394 1297 2618 1356 Gracchi

427 1402 656 1459 semper
674 1381 725 1460 2)
764 1386 890 1458 ipse
931 1385 1174 1458 populus
1217 1383 1511 1441 Romanus
1551 1385 1812 1456 periculo
1855 1383 2155 1442 liberavit:
2199 1386 2318 1442 alia
2356 1386 2618 1458 quaedam

426 1476 608 1532 civem
669 1474 966 1546 egregium
1023 1472 1206 1544 iniqui
1263 1472 1466 1529 iudicii
1520 1472 1777 1543 procella
1836 1473 2132 1544 pervertit.
2243 1472 2443 1531 Ceteri
2495 1490 2617 1532 vero

424 1569 527 1620 aut
578 1562 885 1633 repentina
929 1561 986 1617 vi
1027 1561 1278 1632 perculsi
1330 1575 1402 1616 ac
1461 1564 1808 1631 tempestate
1854 1561 2146 1632 populari,
2210 1577 2318 1633 per
2364 1563 2617 1635 populum

424 1657 616 1707 tamen
660 1650 846 1722 ipsum
891 1648 1138 1706 recreati
1194 1652 1327 1705 sunt
1383 1652 1557 1718 atque
1608 1648 1895 1719 revocati,
1956 1655 2056 1706 aut
2100 1650 2333 1706 omnino
2382 1650 2616 1707 involue-

423 1738 536 1795 rati
590 1736 965 1808 inviolatique
1028 1736 1307 1792 vixerunt.
1411 1736 1491 1791 At
1544 1751 1682 1792 vero
1741 1736 1831 1807 ei,
1879 1736 1976 1806 qui
2032 1741 2270 1794 senatus
2318 1738 2615 1808 consilium,

421 1826 521 1897 qui
566 1826 969 1882 auctoritatem
1011 1822 1313 1893 bonorum,
1371 1822 1470 1894 qui
1514 1822 1780 1879 instituta
1823 1823 2104 1880 maiorum
2150 1824 2530 1896 neglexerunt
2569 1832 2616 1881 et

421 1913 730 1985 imperitae
805 1918 906 1969 aut
979 1911 1306 1969 concitatae
1388 1909 1739 1967 multitudini
1812 1910 2046 1968 iucundi
2116 1927 2244 1969 esse
2314 1914 2614 1983 voluerunt,

420 2017 621 2057 omnes
660 1999 786 2057 fere
825 2001 914 2056 rei
975 1998 1242 2071 publicae
1287 2014 1509 2070 poenas
1554 2003 1654 2054 aut
1710 2001 2008 2071 praesenti
2070 2005 2257 2057 morte
2322 2012 2427 2059 aut
2483 2002 2614 2072 turpi

278 2104 395 2160 141
421 2089 620 2145 exsilio
659 2086 1078 2159 dependerunt.
1169 2085 1331 2156 Quod
1375 2087 1423 2143 si
1465 2085 1618 2157 apud
1664 2086 2085 2159 AthenienseS,
2145 2087 2411 2146 homines
2458 2088 2615 2147 Grae-
2651 2081 2652 2108 ³

420 2192 545 2248 coS,
633 2176 804 2248 longe
880 2192 915 2232 a
987 2181 1311 2233 nostrorum
1387 2174 1677 2232 hominum
1749 2175 2034 2247 gravitate
2108 2175 2427 2251 diiunctOS,
2517 2193 2615 2234 non

419 2264 691 2337 deerant,
750 2264 848 2335 qui
893 2280 1018 2321 rem
1062 2263 1352 2336 publicam
1396 2267 1596 2319 contra
1648 2263 1848 2335 populi
1908 2265 2302 2321 temeritatem
2365 2264 2613 2323 defende-

417 2357 576 2425 rent,
651 2368 778 2409 cum
821 2367 1019 2408 omnes
1035 2395 1050 2423 ,
1122 2351 1219 2421 qui
1274 2351 1357 2408 ita
1402 2349 1695 2422 fecerant,
1774 2368 1806 2408 e
1863 2351 2096 2409 civitate
2147 2352 2507 2425 eicerentur,
2572 2352 2611 2407 si

418 2439 860 2497 Themistoclem
907 2439 1101 2511 illum,
1157 2443 1625 2495 conservatorem
1682 2439 1938 2510 patriae,
1997 2456 2109 2497 non
2154 2438 2447 2499 deterruit
2487 2458 2519 2499 a
2557 2456 2609 2496 re

416 2527 649 2600 publica
692 2525 1059 2585 defendenda
1100 2541 1210 2583 nec
1249 2525 1504 2583 Miltiadi
1525 2519 1575 2605 ³)
1620 2527 1948 2599 calamitaS,
1989 2529 2085 2599 qui
2132 2526 2295 2585 illam
2338 2531 2609 2587 civitatem

416 2614 586 2686 paulo
651 2620 787 2672 ante
855 2618 1143 2685 servarat,
1232 2629 1423 2685 neque
1483 2605 1725 2671 Aristidi
1793 2611 1963 2687 fuga,
2030 2615 2125 2686 qui
2185 2633 2339 2673 unus
2383 2618 2608 2675 omnium

414 2703 757 2760 iustissimus
810 2702 985 2759 fuisse
1047 2699 1321 2759 traditur:
1398 2702 1445 2757 si
1511 2707 1718 2774 postea
1783 2704 1989 2759 summi
2053 2703 2314 2760 eiusdem
2387 2704 2611 2761 civitatis

413 2791 556 2862 viri,
624 2806 767 2862 quos
825 2790 1158 2847 nominatim
1203 2790 1489 2861 appellari
1541 2804 1659 2846 non
1720 2795 1809 2846 est
1861 2804 2130 2863 necesse,
2194 2794 2506 2864 propositis
2542 2788 2648 2869 tot}

416 2879 694 2951 exemplis
766 2877 1098 2935 iracundiae
1173 2877 1543 2949 levitatisque
1635 2877 1929 2949 popularis
1999 2884 2198 2935 tamen
2274 2896 2441 2939 suam
2507 2872 2648 2937 rem'

413 2967 702 3038 publicam
760 2966 920 3023 illam
978 2963 1399 3022 defenderunt:
1458 2963 1592 3036 quid
1640 2980 1746 3021 nos
1792 2965 2028 3023 tandem
2085 2964 2284 3025 facere
2333 2967 2609 3035 debemus,

411 3056 657 3127 primum
701 3054 759 3110 in
811 3069 882 3110 ea
927 3054 1161 3110 civitate
1205 3053 1326 3109 nati
1342 3096 1357 3124 ,
1424 3052 1578 3110 unde
1622 3058 1750 3109 orta
1792 3054 1932 3110 mihi
1978 3055 2233 3126 gravitas
2295 3063 2358 3114 et
2410 3055 2607 3129 magni-

411 3143 549 3200 tudo
595 3141 773 3199 animi
828 3140 1082 3212 videtur,
1138 3144 1257 3197 tum
1316 3141 1379 3196 in
1422 3145 1587 3197 tanta
1644 3141 1828 3212 gloria
1880 3142 2252 3215 insistentes,
2308 3150 2376 3200 ut
2437 3143 2607 3202 omnia

412 3230 664 3287 humana
709 3229 932 3288 leviora
978 3227 1161 3285 videri
1221 3227 1504 3300 debeant,
1562 3228 1771 3286 deinde
1833 3228 1910 3286 ad
1969 3245 2100 3287 eam
2151 3247 2278 3287 rem
2335 3232 2646 3304 publicam¹

412 3316 682 3375 tuendam
740 3316 1033 3388 adgressi,
1096 3332 1245 3387 quae
1290 3321 1456 3372 tanta
1500 3314 1784 3388 dignitate
1832 3322 1956 3389 est,
2020 3324 2086 3375 ut
2132 3334 2261 3374 eam
2307 3317 2603 3377 defenden-

409 3411 529 3461 tem
572 3404 839 3462 occidere
882 3403 1134 3462 nobilius
1177 3404 1255 3461 sit
1272 3397 1327 3482 ⁴)
1372 3418 1543 3476 quam
1587 3412 2009 3475 oppugnantem
2055 3422 2251 3463 rerum
2293 3408 2508 3478 potiri?

548 3639 599 3704 1)
640 3635 766 3690 Cod.
797 3636 987 3689 Salisb.
1017 3635 1229 3689 ordinis
1254 3643 1305 3689 et
1330 3635 1647 3703 diynitatis;
1688 3636 1936 3692 Gulielm.
1964 3638 2221 3705 civitatis,
2260 3640 2402 3709 quod
2427 3636 2596 3707 probat

406 3707 650 3759 Wesenb.
764 3707 818 3773 2)
856 3722 1057 3773 sempev·
1098 3723 1212 3760 unc.
1252 3707 1376 3760 incl.
1413 3706 1610 3760 Eberh.
1732 3709 1784 3775 3)
1825 3709 1976 3762 Hanc
2011 3711 2236 3762 formam
2276 3714 2333 3764 et
2363 3704 2594 3762 Aristidi.

407 3777 570 3830 schol.
609 3777 740 3829 Bob.
777 3777 836 3828 in
872 3779 1117 3830 lemmate
1153 3777 1344 3845 habet,
1384 3778 1545 3843 vulgo
1584 3778 2250 3834 Miltiadis—Aristidis.
2359 3782 2414 3847 4)
2451 3775 2592 3832 Codd.

406 3861 519 3898 non
559 3845 716 3898 aliud
748 3845 847 3908 sit;
882 3846 1103 3916 Madvig
1147 3848 1328 3900 maius
1363 3848 1460 3912 sit,
1511 3846 1672 3902 Orell.
1710 3849 1890 3902 satms
1925 3849 2021 3914 sit,
2073 3850 2307 3919 Seyffert
2342 3847 2594 3904 honestius
