2669 4354
729 242 808 279 De
846 241 1099 282 mpnnro
1143 242 1236 282 cis.
1281 241 1518 282 Pomm.
2156 225 2237 283 53

89 409 167 465 mis
202 427 482 482 numquam
525 418 615 470 est
661 430 834 471 ausus
880 419 1104 486 optare.
1196 415 1347 472 Nam
1393 432 1525 471 cum
1570 429 1633 472 se
1678 413 1741 471 in
1787 431 2028 488 regnum
2059 428 2242 474 'suum

89 497 368 571 recepisset,
412 516 522 557 non
566 499 678 558 fuit
724 517 793 558 eo
840 507 1176 575 contentuS,
1237 502 1390 574 quod
1434 502 1491 559 ei
1535 508 1774 575 praeter
1816 519 1977 575 spem
2016 504 2245 562 accide-

88 591 175 657 rat,
214 591 271 643 ut
295 587 475 660 illam,
519 592 898 661 posteaquam
930 591 1130 663 pulsus
1167 594 1322 663 erat,
1360 595 1577 648 terram
1607 606 1880 662 umquam
1910 593 2242 663 attingeret,

88 672 160 730 sed
194 673 247 729 in
287 675 592 734 exercitum
637 682 896 735 nostrum
942 679 1162 749 clarum
1219 683 1393 749 atque
1438 678 1715 737 victorem
1760 679 2040 750 impetum
2086 679 2243 737 fecit.

87 760 227 817 Sinite
265 762 366 819 hoc
409 764 562 837 loco,
609 765 889 838 QuiriteS,
948 760 1099 823 sicut
1137 770 1349 839 poetae
1395 765 1611 834 solent,
1676 765 1773 837 qui
1817 782 1914 823 res
1955 765 2245 826 Romanas

87 847 316 924 scribunt,
369 854 692 922 praeterire
747 869 840 909 me
897 859 1154 911 nostram
1216 853 1638 926 calamitatem,
1696 868 1844 925 quae
1911 858 2076 912 tanta
2120 854 2244 925 fuit,

84 941 128 991 ut
173 953 281 994 eam
332 938 402 996 ad
442 955 616 999 aures
660 942 1029 1014 imperatoris
1052 934 1103 1020 ¹)
1150 957 1263 999 non
1308 958 1380 1000 ex
1427 938 1652 1013 proelio
1695 941 1960 1014 nuntiuS,
2024 942 2126 1000 sed
2174 960 2245 1001 ex

84 1040 295 1084 sermone
350 1044 544 1085 rumor
591 1028 867 1086 adferret.
976 1029 1085 1086 Hic
1140 1030 1200 1086 in
1261 1030 1363 1087 illo
1422 1029 1548 1101 ipso
1593 1029 1746 1086 malo
1793 1029 2243 1103 gravissimaque
2266 1043 2345 1099 26

84 1112 185 1168 belli
223 1112 525 1172 offensione
579 1116 646 1174 L.
692 1117 964 1175 Lucullus
983 1163 998 1191 ,
1066 1118 1163 1189 qui
1215 1123 1412 1174 tamen
1473 1116 1666 1189 aliqua
1712 1132 1784 1173 ex
1828 1122 1995 1188 parte
2040 1118 2113 1176 iis
2157 1121 2244 1176 in-

83 1201 334 1259 commodis
387 1204 610 1264 mederi
670 1203 916 1263 fortasse
971 1205 1281 1283 potuisset,
1344 1209 1536 1262 vestro
1581 1204 1739 1262 iussu
1784 1210 2041 1280 coactuS,
2096 1206 2246 1278 quod

82 1287 260 1359 imperii
322 1290 688 1351 diuturnitati
754 1292 984 1350 modum
1049 1292 1418 1350 statuendum
1482 1297 1683 1350 vetere
1749 1293 2013 1364 exemplo
2078 1299 2246 1367 puta-

83 1375 200 1432 vistis
215 1421 230 1449 ,
294 1384 513 1449 partem
576 1381 820 1438 militum
839 1426 855 1454 ,
932 1381 1029 1453 qui
1102 1381 1219 1438 iam
1295 1379 1598 1452 stipendiis
1672 1380 1923 1439 confecti
1942 1374 1996 1461 2)
2060 1386 2247 1455 erant,

82 1461 279 1539 dimisit,
335 1473 562 1538 partem
619 1465 699 1525 Μ’
721 1465 777 1543 3)
823 1468 1124 1526 Glabrioni
1183 1467 1439 1527 tradidit.
1529 1468 1717 1526 Multa
1761 1474 2068 1539 praetereo
2113 1487 2248 1528 con-

81 1551 216 1621 sulto,
273 1555 371 1612 sed
428 1573 502 1613 ea
564 1573 665 1615 vos
726 1559 1059 1615 coniectura
1112 1556 1455 1629 perspicite,
1526 1560 1802 1627 quantum
1848 1556 1992 1613 illud
2034 1558 2248 1616 bellum

80 1636 243 1697 factum
294 1645 504 1714 putetis
524 1688 540 1717 ,
609 1645 757 1716 quod
822 1645 1174 1716 coniungant
1235 1660 1406 1716 reges
1467 1645 1884 1723 potentissimi,
1964 1651 2249 1703 renovent

81 1727 283 1797 agitatae
340 1733 612 1790 nationes
631 1776 646 1802 ,
713 1733 1032 1804 suscipiant
1092 1733 1359 1804 integrae
1406 1737 1643 1804 genteS,
1706 1747 1888 1788 novus
1932 1733 2249 1805 imperator

80 1820 230 1873 noster
280 1820 525 1891 accipiat
583 1825 786 1878 vetere
843 1821 1102 1877 exercitu
1162 1821 1345 1893 pulso.
1434 1820 1585 1880 Satis
1645 1819 1784 1876 mihi
1841 1820 2021 1877 multa
2065 1821 2250 1878 verba

76 1898 230 1961 fecisse
272 1906 496 1980 videor,
543 1925 722 1980 quare
772 1914 928 1966 esset
973 1909 1081 1965 hoc
1128 1908 1345 1966 bellum
1399 1923 1616 1978 genere
1661 1907 1788 1979 ipso
1835 1909 2247 1982 necessarium,

76 1991 407 2062 magnitudine
465 1996 879 2068 periculosum.
946 2002 1133 2054 restat
1179 2000 1243 2053 ut
1286 1994 1361 2052 de
1405 1995 1758 2067 imperatore
1806 1993 1881 2051 ad
1926 1994 1986 2052 id
2030 1995 2247 2053 bellum

77 2075 322 2149 deligendo
365 2099 436 2141 ac
485 2085 668 2142 tantis
713 2085 886 2142 rebus
934 2082 1325 2167 praeficiendo
1371 2081 1680 2141 dicendum
1727 2099 1854 2141 esse
1900 2083 2185 2141 videatur.

202 2168 445 2246 Utinam,
495 2173 780 2247 Quirites»,
826 2173 1081 2231 virorum
1117 2170 1356 2230 fortium
1386 2176 1559 2244 atque
1591 2171 1986 2229 innocentium
2018 2172 2245 2245 copiam
2262 2175 2353 2242 10

76 2257 241 2314 tantam
282 2260 613 2334 haberetiS,
660 2267 724 2318 ut
766 2263 912 2319 haec
958 2261 1121 2320 vobis
1164 2259 1509 2319 deliberatio
1537 2258 1789 2317 difficilis
1820 2265 2001 2334 esset,
2046 2278 2243 2333 quem·
2264 2271 2345 2327 27

76 2355 169 2398 nam
204 2348 551 2416 potissimum
611 2351 790 2407 tantis
845 2349 1021 2406 rebus
1066 2365 1134 2406 ac
1179 2353 1342 2405 tanto
1383 2349 1537 2406 bello
1582 2346 2033 2421 praeficiendum
2077 2354 2245 2421 puta-

74 2431 199 2488 retis!
280 2435 443 2493 Nunc
514 2454 654 2494 vero
721 2454 852 2495 cum
909 2438 987 2494 sit
1030 2453 1178 2494 unus
1225 2435 1327 2493 Cn.
1374 2437 1711 2509 Pompeius,
1773 2437 1870 2508 qui
1915 2452 2030 2494 non
2074 2437 2242 2495 modo

75 2530 223 2577 eorum
260 2523 581 2595 hominum,
641 2527 737 2598 qui
776 2542 928 2583 nunc
971 2530 1127 2597 sunt,
1190 2523 1460 2598 gloriam,
1515 2522 1618 2581 sed
1665 2523 1842 2581 etiam
1883 2524 2243 2597 antiquitatis

72 2610 347 2669 memoriam
408 2614 629 2671 virtute
688 2614 1007 2687 superarit,
1064 2630 1212 2684 quae
1273 2628 1371 2669 res
1415 2616 1504 2669 est
1547 2626 1695 2683 quae
1742 2612 2073 2684 cuiusquam
2120 2613 2243 2670 ani-

72 2707 185 2751 mum
221 2698 276 2755 in
314 2700 423 2758 hac
463 2717 644 2758 causa
689 2702 923 2759 dubium
969 2699 1166 2759 facere
1206 2699 1428 2771 possit?
1502 2699 1629 2772 Ego
1662 2699 1814 2757 enim
1846 2700 1929 2757 sic
1959 2701 2243 2774 existimO,
2263 2716 2343 2772 28

73 2776 113 2833 in
160 2800 362 2846 summo
429 2790 783 2860 imperatore
841 2793 1135 2861 quattuor·
1171 2789 1277 2845 has
1322 2804 1419 2846 res
1462 2788 1654 2845 inesse
1699 2792 1997 2858 oportere:
2058 2789 2244 2846 scien-

74 2867 311 2948 tiammrei
366 2878 644 2935 militaris
662 2922 678 2949 ‚
746 2878 1017 2934 virtutem
1037 2921 1053 2949 ,
1127 2876 1564 2949 auctoritatem,
1633 2873 1993 2934 felicitatem.
2107 2876 2247 2946 Quis

71 2953 209 3024 igitur
257 2962 362 3020 hoc
421 2965 658 3023 homine
721 2965 994 3030 scientior
1041 2980 1311 3036 umquam
1370 2968 1469 3022 aut
1523 2963 1632 3021 fuit
1690 2967 1791 3020 aut
1834 2979 1961 3020 esse
2006 2962 2248 3021 debuit?

69 3044 139 3111 (lui
195 3063 225 3103 e
289 3051 423 3110 ludo
491 3057 666 3125 atque
703 3069 737 3110 e
792 3053 1080 3124 pueritiae
1143 3052 1495 3124 disciplinis,
1570 3052 1725 3109 bello
1783 3051 2031 3109 maximo
2070 3056 2245 3124 atque

67 3135 315 3196 acerrimis
373 3140 665 3214 hostibuS,
729 3141 804 3198 ad
858 3140 1041 3213 patris
1086 3141 1404 3197 exercitum
1460 3145 1634 3212 atque
1682 3138 1744 3196 in
1787 3139 2029 3197 militiae
2075 3139 2247 3197 disci-

64 3216 236 3284 plinam
280 3228 580 3297 profectus
629 3235 749 3300 est3
797 3230 895 3300 qui
942 3234 1201 3286 extrema
1245 3227 1503 3300 pueritia
1548 3227 1714 3284 miles
1757 3228 1820 3285 in
1848 3228 2109 3286 exercitu
2139 3226 2248 3286 fuit

66 3312 226 3367 Summi
286 3316 694 3389 imperatoris,
760 3317 999 3374 ineunte
1052 3315 1451 3373 adulescentia
1507 3316 1741 3372 maximi
1783 3316 1909 3387 ipse
1956 3317 2247 3375 exercitus

61 3391 356 3474 ¹'111perator3
422 3404 523 3475 qui
585 3404 818 3476 saepius
871 3421 1000 3462 cum
1042 3404 1208 3462 hoste
1253 3402 1511 3461 conflixit
1554 3420 1727 3475 quam
1773 3404 2072 3484 quisquam
2119 3424 2247 3463 cum

61 3478 250 3544 inimico
310 3491 700 3564 concertavit,
762 3492 939 3565 plura
1007 3490 1165 3549 bella
1224 3493 1404 3565 gessit
1470 3507 1642 3563 quam
1710 3492 1887 3549 ceteri
1957 3493 2249 3571 legerunt,

200 3740 250 3808 1)
304 3740 533 3794 Luculli
596 3741 766 3809 irrepet·
769 3742 941 3795 atoris
1007 3741 1162 3795 codd.
1227 3742 1485 3811 plerique.
1575 3742 1806 3796 Luculli
1860 3741 1963 3795 del.
2004 3743 2243 3812 Madvig

30 3789 364 3936 ἒῐξὲἒιζεοιίε
403 3829 467 3865 ex
503 3811 700 3867 Aldina
737 3813 1058 3877 LambinuS,
1097 3813 1294 3881 Halm,
1337 3813 1631 3870 Eberhard.
1905 3814 1959 3879 3)
1997 3813 2084 3867 M
2123 3816 2242 3869 add.
