2669 4354
913 264 1094 304 11113133
1139 262 1427 313 QVARTVS.
1471 272 1482 283 «
2153 248 2276 307 329

79 438 223 498 furtis
269 444 446 511 atque
502 436 740 511 flagitiis
800 440 883 497 ita
929 455 1163 497 moveor
1184 483 1199 512 ,
1255 445 1320 497 ut
1380 456 1452 497 ea
1515 439 1998 512 reprehendenda
2056 447 2277 499 tantum

76 534 277 599 putem:
355 527 452 583 hic
508 543 646 584 vero
689 532 853 584 tanto
899 527 1098 585 dolore
1161 524 1425 600 adficior,
1502 533 1565 585 ut
1604 527 1747 585 nihil
1793 529 1935 586 mihi
1973 528 2279 603 indigniuS,

76 616 199 673 nihil
243 615 434 672 minus
479 614 780 672 ferendum
814 631 940 673 esse
973 615 1254 673 videatur.
1345 615 1563 673 Verres
1592 615 1851 673 Africani
1895 619 2278 675 monumentis

77 703 286 761 domum
330 718 519 775 suam,
571 703 802 774 plenam
848 704 1057 775 stupri,
1113 704 1348 776 plenam
1390 701 1627 777 flagitii,
1683 704 1915 777 plenam
1960 703 2279 779 dedecoriS,

76 791 324 849 ornabit?
369 790 584 848 Verres
608 783 1176 868 temperantissimi¹)
1198 791 1658 863 sanctissimique
1696 791 1802 849 viri
1832 798 2279 867 monumentum,

77 880 281 937 Dianae
316 879 684 936 simulacrum
729 879 1000 951 virginis,
1044 879 1105 934 in
1153 894 1224 936 ea
1265 879 1433 936 domo
1481 879 1827 952 conlocabit,
1870 880 1930 937 in
1973 898 2088 953 qua
2129 897 2277 938 sem-

76 985 163 1039 per
206 967 583 1025 meretricum
624 966 1014 1038 lenonumque
1035 962 1089 1044 ²)
1133 965 1360 1037 flagitia
1403 969 1758 1024 versantur?

231 1055 314 1112 At
373 1054 484 1111 hoc
551 1055 734 1112 solum
795 1052 1056 1111 Africani
1125 1060 1558 1112 monumentum
1624 1055 1893 1113 violasti‘?
1982 1056 2171 1127 Quid?
2242 1046 2382 1115 a39

78 1142 473 1215 Tyndaritanis
510 1159 625 1199 non
672 1141 931 1199 eiusdem
968 1141 1252 1214 Scipionis
1297 1141 1578 1200 beneficio
1621 1144 1866 1215 positum
1914 1144 2279 1202 simulacrum
2298 1142 2380 1198 84

78 1231 376 1302 Mercurii,
437 1229 823 1302 pulcherrime
867 1227 1114 1302 factum,
1160 1229 1487 1286 sustulisti?
1576 1230 1654 1288 At
1696 1248 1866 1303 quem
1913 1233 1986 1290 ad
2032 1233 2278 1306 modum,

78 1319 123 1375 di
163 1316 551 1375 immortales!
624 1334 792 1389 quam
843 1316 1152 1389 audacter,
1220 1334 1392 1389 quam
1456 1318 1759 1378 libidinose
1783 1363 1798 1392 ,
1865 1336 2036 1392 quam
2097 1321 2281 1393 impu-

79 1406 301 1465 denter!
408 1405 670 1463 Audistis
730 1422 912 1477 nuper
960 1404 1154 1461 dicere
1215 1404 1439 1476 legatos
1502 1405 1951 1481 Tyndaritanos,
2019 1407 2280 1472 homines

77 1493 494 1551 honestissimos
539 1509 608 1550 ac
657 1492 946 1565 principes
993 1492 1273 1564 civitatiS,
1317 1492 1701 1566 Mercurium,
1746 1496 1842 1566 qui
1888 1496 2071 1553 sacris
2118 1496 2281 1553 anni-

78 1580 331 1639 versariis
378 1581 533 1652 apud
580 1597 680 1639 eos
725 1597 793 1638 ac
839 1597 1059 1637 summa
1103 1580 1387 1650 religione
1435 1580 1757 1653 coleretur,
1805 1599 1975 1654 quem
2014 1583 2077 1640 P.
2126 1582 2280 1641 Afri-

79 1686 235 1728 canus
281 1667 645 1742 Karthagine
693 1672 863 1740 capta
908 1667 1315 1740 Tyndaritanis
1373 1683 1485 1724 non
1542 1668 1723 1725 solum
1783 1686 1922 1727 suae
1983 1671 2280 1743 victoriae,

78 1756 165 1815 sed
218 1756 398 1815 etiam
457 1757 684 1813 illorum
738 1755 875 1812 fidei
935 1756 1343 1827 societatisque
1405 1762 1835 1813 monumentum
1901 1763 2074 1829 atque
2130 1758 2279 1816 indi-

80 1845 212 1901 cium
257 1843 549 1916 dedisset,
595 1844 762 1900 huius
807 1844 890 1915 vi,
937 1843 1161 1902 scelere
1200 1842 1556 1915 imperioque
1605 1860 1732 1902 esse
1781 1845 2083 1903 sublatum.
2170 1844 2281 1915 Qui

80 1939 132 1989 ut
167 1932 412 2003 primum
469 1933 528 1988 in
582 1930 725 1988 illud
778 1930 1052 2003 oppidum
1111 1931 1301 2004 vonit,
1371 1931 1592 2003 statim,
1664 1938 1953 2004 tamquam
2012 1933 2099 1989 ita
2150 1931 2278 1990 fieri

81 2035 177 2076 non
228 2021 409 2076 solum
465 2024 788 2092 oporteret,
863 2018 965 2076 sed
1028 2020 1200 2077 etiam
1258 2034 1499 2076 necesse
1562 2025 1751 2092 esset,
1821 2025 2112 2092 tamquam
2173 2021 2281 2077 hoc

79 2113 295 2165 senatus
356 2107 720 2180 mandasset,
780 2105 1023 2179 populus
1067 2106 1358 2165 Romanus
1383 2102 1435 2187 3)
1495 2107 1784 2175 iussisset,
1851 2108 1935 2167 ita
1992 2108 2280 2177 continuo,

82 2196 288 2268 signum
357 2203 424 2252 ut
482 2195 898 2254 demolirentur
959 2199 1019 2252 et
1080 2195 1413 2252 Messanam
1473 2196 1879 2270 deportarent,
1954 2197 2280 2270 imperavit.

84 2282 225 2353 Quod
272 2301 405 2341 cum
461 2284 600 2357 illis,
663 2283 760 2354 qui
807 2281 1085 2356 aderant,
1147 2282 1478 2356 indignum,
1541 2285 1636 2355 qui
1692 2285 2038 2358 audiebant,
2096 2285 2283 2343 incre·
2303 2278 2383 2336 85

82 2370 237 2429 dibile
286 2371 606 2444 videretur,
669 2387 783 2428 non
833 2375 922 2427 est
966 2370 1040 2428 ab
1098 2371 1207 2428 isto
1251 2371 1436 2443 primo
1482 2372 1581 2429 illo
1645 2372 1896 2431 adventu
1946 2389 2283 2444 persevera-

83 2464 199 2515 tum.
290 2458 615 2517 Discedens
659 2457 895 2516 mandat
938 2452 1220 2531 proagoro
1267 2457 1535 2533 Sopatro,
1594 2459 1756 2517 cuius
1799 2460 1980 2518 verba
2023 2460 2282 2534 audistiS,

82 2551 136 2601 ut
166 2547 514 2605 demoliatur
534 2540 621 2623 4):
683 2561 812 2602 cum
858 2551 1190 2618 recusaret,
1249 2546 1626 2604 vehementer
1669 2547 1921 2606 minatur
1970 2555 2031 2607 et
2091 2549 2280 2606 statim

82 2649 142 2689 ex
191 2635 294 2691 illo
355 2634 567 2707 oppido
615 2630 1013 2705 proficiscitur.
1130 2632 1337 2691 Refert
1358 2628 1411 2706 ⁵)
1484 2650 1607 2692 rem
1676 2636 1777 2691 ille
1847 2635 1922 2694 ad
1989 2641 2281 2693 senatum:

79 2721 443 2781 vehementer
507 2722 758 2793 undique
823 2721 1192 2778 reclamatur.
1313 2721 1404 2779 Ne
1466 2722 1677 2779 multa:
1770 2723 1976 2780 iterum
2034 2724 2144 2779 istc
2207 2723 2281 2780 ad

77 2808 193 2866 illos
264 2810 563 2881 aliquanto
640 2814 772 2881 post
840 2809 1028 2880 venit,
1110 2810 1342 2880 quaerit
1404 2809 1671 2867 continuo
1735 2809 1808 2868 de
1865 2812 2043 2884 signo.
2164 2811 2280 2868 Re-

76 2897 380 2968 spondetur
451 2898 507 2954 ei
583 2902 848 2954 senatum
917 2913 1033 2954 non
1090 2897 1466 2969 permittere,
1570 2914 1814 2970 poenam
1883 2898 2086 2970 capitis
2150 2914 2284 2955 con-

77 2985 355 3057 stitutam,
435 2986 484 3042 si
553 2985 775 3042 iniussu
833 2991 1068 3042 senatus
1125 2985 1425 3057 quisquam
1486 2985 1802 3058 attigisset,
1865 2987 2029 3043 simul
2078 2986 2282 3059 religio

76 3079 564 3131 commemoratur.
655 3071 802 3129 Tum
842 3073 984 3130 iste:
1030 3071 1238 3142 ‘Quam
1281 3073 1420 3129 mihi
1466 3073 1808 3145 religionem
1855 3089 2075 3147 narras,
2111 3089 2282 3145 quam

74 3175 337 3234 poenam,
385 3178 557 3233 quem
599 3163 908 3217 senatum?
969 3161 1154 3217 vivum
1202 3166 1261 3218 te
1308 3177 1423 3217 non
1469 3161 1819 3233 relinquam:
1878 3162 2124 3218 moriere
2171 3162 2282 3218 vir-

73 3246 188 3320 giS,
244 3249 358 3307 nisi
404 3249 545 3306 mihi
591 3249 815 3322 signum
863 3244 1152 3306 traditur’.
1257 3247 1503 3320 Sopater
1547 3248 1758 3307 iterum
1802 3248 1948 3307 flens
1997 3250 2071 3307 ad
2116 3265 2278 3307 sena·

74 3341 189 3391 tum
230 3354 356 3395 rem
402 3334 627 3410 defert,
674 3336 841 3393 istius
889 3335 1263 3408 cupiditatem
1310 3337 1607 3409 minasque
1642 3337 2011 3396 demonstrat.
2105 3336 2284 3395 Sena-

0 3611 3 3658 ξ
213 3589 264 3654 1)
303 3586 781 3655 temperantissimi
817 3587 931 3641 cod.
975 3586 1141 3654 Reg.;
1182 3587 1276 3640 alii
1312 3586 1465 3640 codd.
1506 3587 1958 3654 temperatissimi.
2095 3589 2148 3655 2)
2187 3603 2288 3655 que

0 3673 3 3692 ³
73 3653 229 3708 deest
275 3658 329 3710 in
379 3657 531 3713 codd.
572 3661 708 3726 opt.,
760 3675 862 3711 om.
899 3657 1115 3712 Jordan.
1296 3659 1351 3724 3)
1390 3658 1568 3724 Vulgo
1598 3658 1941 3725 populusque
1979 3658 2283 3721 Romanam,

74 3725 217 3792 quod
248 3727 435 3781 Jordan
477 3732 532 3781 et
566 3728 763 3781 Miiller
808 3733 996 3782 contra
1044 3728 1161 3781 cod.
1200 3728 1425 3795 Regium
1480 3729 1797 3782 restituunt.
2009 3730 2064 3796 4)
2117 3729 2283 3793 Bake,

73 3795 280 3863 Kayser
318 3798 676 3851 demoliretur.
891 3801 944 3865 5)
998 3798 1191 3864 Defert
1241 3798 1401 3853 scrib.
1441 3799 1744 3867 suspicatur
1781 3799 2002 3863 Miiller;
2053 3800 2284 3852 fortasse

70 3881 192 3916 rem
228 3867 507 3921 eiciendum
545 3871 644 3921 est.
1903 3939 1936 3975 ἧς

1807 3949 1882 4003 21
