2669 4354
806 312 874 352 m
918 312 1097 352 MARC.
1141 311 1474 354 ANTONIVM.
2127 302 2252 360 375

60 486 505 559 condemnatum,
582 485 943 542 conlusorem
1011 501 1202 558 suum,
1271 487 1551 560 restituit,
1621 488 1785 560 quasi
1855 505 1991 547 vero
2048 490 2254 549 ludere

61 591 172 632 cum
210 574 591 632 condemnato
634 589 748 630 non
792 573 1018 631 liceret:
1068 574 1171 631 sed
1190 566 1243 654 ¹)
1288 580 1379 648 ut,
1424 575 1593 648 quod·
1619 576 1679 631 in
1724 576 1855 633 alea
1898 578 2254 654 perdiderat,

59 661 317 731 beneficio
393 661 540 734 legis
617 660 973 719 dissolveret.
1110 662 1294 732 Quam
1370 662 1615 721 attulisti
1690 664 1973 722 rationem
2045 668 2254 739 populo

60 751 326 823 Roman0,
402 766 503 807 cur
561 752 693 807 eum
746 749 978 807 restitui
1038 752 1374 823 oporteret?
1491 751 1834 826 Absentem,
1911 754 2115 827 crede,
2192 756 2253 813 in

59 855 173 896 reos
215 838 485 895 relatum:
533 854 686 895 .rem
743 837 961 895 indicta
1020 853 1196 895 causa
1227 834 1601 896 iudicatam:
1678 840 1898 897 nullum
1948 839 2124 899 fuisse
2178 841 2251 900 de
2308 882 2315 889 -

62 928 175 984 alea
215 928 344 1000 lege
389 925 695 982 iudicium:
750 926 805 982 vi
852 941 1187 998 oppressum
1233 932 1294 984 et
1330 926 1530 984 armis:
1590 932 1937 1002 prostremo,
1984 929 2134 1001 quod
2178 931 2251 989 de

59 1020 242 1086 patruo
300 1019 400 1071 tuo
445 1013 772 1086 dicebatur,
828 1014 1076 1085 pecunia
1133 1013 1410 1071 iudicium
1471 1030 1599 1072 esse
1648 1019 1990 1087 corruptum.
2091 1017 2253 1075 Nihil

61 1103 255 1160 horum.
346 1101 424 1158 At
483 1101 568 1158 vir
612 1101 795 1158 bonus
841 1106 898 1157 et
954 1118 1019 1158 re
1066 1102 1299 1173 publica
1362 1100 1583 1173 dignus,
1690 1103 1848 1161 Nihil
1906 1104 1965 1161 id
2020 1104 2252 1177 quidem

61 1189 117 1247 ad
159 1207 308 1261 rem3
373 1204 481 1261 ego
528 1194 749 1262 tamen,
793 1189 1063 1260 quoniam
1111 1188 1552 1247 condemnatum
1598 1206 1726 1249 esse
1767 1207 1870 1262 pro
1918 1192 2099 1250 nihilo
2143 1199 2252 1267 est,

61 1280 125 1335 ita
144 1274 199 1357 ²)
267 1277 644 1350 ignoscerem.
762 1276 1070 1335 Hominem
1132 1277 1384 1334 omnium
1454 1278 1897 1353 nequissimum,
1974 1279 2071 1352 qui
2139 1297 2254 1338 non
2302 1271 2307 1276 ’

61 1365 332 1424 dubitaret
375 1364 468 1423 vel
513 1365 573 1422 in
616 1363 739 1422 foro
787 1363 918 1421 alea
963 1365 1194 1440 ludere,
1246 1366 1410 1438 lege,
1455 1381 1604 1437 quae
1653 1372 1741 1423 est
1785 1367 1857 1425 de
1904 1368 2065 1440 alea,
2121 1385 2257 1427 con-

61 1454 373 1511 demnatum
417 1453 516 1525 qui
563 1453 623 1509 in
671 1453 961 1525 integrum
1007 1453 1292 1526 restituit,
1337 1453 1387 1509 is
1432 1469 1547 1510 non
1591 1455 1954 1526 apertissime
2001 1456 2251 1514 studium

60 1558 204 1599 suum
247 1542 374 1614 ipse
420 1538 771 1614 profitetur?
888 1542 957 1597 In
1007 1540 1211 1598 eodem
1271 1556 1408 1598 vero
1466 1541 1799 1615 tribunatu,
1861 1559 1990 1600 cum
2037 1542 2253 1603 Caesar
2276 1546 2357 1605 57

60 1630 105 1686 in
145 1629 483 1701 Hispaniam
534 1626 905 1701 proficiscens
954 1628 1088 1686 huic
1130 1628 1578 1685 conculcandam
1624 1627 1854 1687 Italiam
1897 1630 2251 1706 tradidisset,

62 1734 188 1789 quae
231 1716 345 1774 fuit
389 1717 514 1775 eius
559 1717 889 1789 peragratio
948 1716 1305 1774 coloniarum
1324 1710 1404 1794 3),
1462 1716 1730 1774 lustratio
1775 1718 2247 1791 municipiorum!

63 1806 170 1863 Scio
215 1822 308 1863 me
355 1806 417 1862 in
460 1804 635 1862 rebus
676 1804 1139 1863 celebratissimis
1171 1805 1424 1862 omnium
1470 1820 1732 1862 sermone
1778 1806 1999 1864 versari
2046 1822 2251 1881 eaque,

63 1909 188 1964 quae
233 1893 364 1951 dico
411 1890 780 1965 dicturusque
830 1910 984 1967 sum,
1043 1893 1267 1950 notiora
1312 1909 1440 1950 esse
1485 1892 1777 1967 omnibuS,
1833 1894 1930 1965 qui
1973 1895 2035 1951 in
2078 1895 2254 1953 Italia

62 1986 161 2038 tum
220 1981 488 2055 fuerunt,
548 1997 723 2053 quam
770 1980 938 2055 mihi,
993 1981 1092 2053 qui
1148 1997 1264 2038 non
1317 1979 1426 2037 fui:
1488 1981 1700 2038 notabo
1745 1986 1939 2039 tamen
1995 1982 2253 2055 singulas

64 2084 166 2143 res,
236 2070 349 2128 etsi
409 2070 567 2126 nullo
621 2068 788 2126 modo
842 2070 1059 2141 poterit
1119 2069 1301 2126 oratio
1360 2084 1490 2125 mea
1557 2070 1696 2126 satis
1765 2068 1960 2128 facere
2021 2074 2251 2128 vestrae

65 2158 341 2217 scientiae.
472 2156 707 2216 Etenim
772 2156 925 2230 quod
992 2172 1262 2230 umquam
1330 2160 1393 2214 in
1458 2156 1631 2215 terris
1695 2161 1916 2216 tantum
1974 2155 2254 2233 flagitium

66 2248 332 2305 exstitisse
380 2245 637 2303 auditum
686 2249 813 2303 est?
858 2250 1078 2303 tantam
1125 2245 1540 2318 turpitudinem
1555 2239 1650 2324 *ΥΡ
1696 2251 1918 2304 tantum
1961 2247 2254 2305 dedecus?

64 2332 378 2394 Vehebatur
423 2336 484 2392 in
530 2333 732 2392 essedo
770 2333 1033 2391 tribunus
1076 2334 1187 2407 pl.;
1231 2333 1465 2391 lictores
1510 2333 1761 2392 laureati
1809 2334 2256 2408 antecedebant,
2272 2332 2361 2399 24

66 2421 193 2481 inter
252 2439 395 2495 quos
455 2427 659 2494 aperta
719 2422 928 2480 lectica
982 2422 1154 2479 mima
1212 2421 1578 2495 portabatur,
1652 2439 1822 2494 quam
1893 2440 1964 2480 ex
2032 2423 2255 2496 oppidis
2276 2427 2356 2485 58

65 2511 421 2584 municipales
500 2510 762 2567 homines
830 2510 1086 2582 honesti,
1178 2508 1408 2567 obviam
1482 2511 1813 2568 necessario
1885 2511 2255 2585 prodeunteS,

67 2614 158 2656 non
211 2604 351 2657 noto
394 2598 494 2656 illo
545 2602 605 2655 et
648 2598 874 2655 mimico
918 2598 1176 2671 nomine,
1224 2596 1328 2655 sed
1374 2596 1737 2654 Volumniam
1788 2598 2256 2672 consalutabant3

65 2686 396 2758 sequebatur
441 2686 621 2744 raeda
666 2702 796 2743 cum
838 2685 1170 2760 lenonibuS,
1218 2683 1479 2759 [comites
1525 2683 1886 2760 nequissimi]
1910 2677 1989 2760 ⁵),
2033 2686 2257 2744 reiecta

65 2780 233 2832 mater
264 2775 511 2832 amicam
556 2775 766 2847 impuri
812 2772 915 2831 filii
950 2778 1244 2845 tamquam
1288 2789 1494 2829 nurum
1542 2774 1909 2844 sequebatur.
2003 2770 2050 2829 Ο
2085 2774 2257 2833 mise-

63 2877 147 2921 rae
194 2862 457 2921 mulieris
503 2861 921 2920 fecunditatem
966 2857 1386 2921 calamitosam!
1488 2859 1707 2918 Horum
1751 2859 2103 2933 flagitiorum
2145 2862 2256 2920 iste

63 2950 303 3023 vestigiis
342 2951 538 3009 omnia
582 2950 922 3024 municipia,
963 2949 1395 3024 praefecturas,
1443 2948 1729 3023 coloniae,
1774 2954 1954 3006 totam
2005 2948 2257 3021 denique

65 3034 273 3096 ltaliam
319 3039 627 3112 impressit.

215 3125 594 3198 Reliquorum
630 3116 937 3182 'factorum
1000 3125 1154 3198 eius,
1212 3130 1411 3198 patres
1469 3124 1808 3198 conscripti,
1865 3121 2115 3182 difficilis
2172 3130 2260 3182 est
2279 3129 2359 3188 59

63 3227 181 3270 sane
230 3215 607 3287 reprehensio
668 3218 728 3272 et
779 3211 1020 3275 lubrica.
1125 3212 1405 3271 Versatus
1463 3213 1524 3269 in
1578 3213 1732 3270 bello
1796 3217 1912 3270 est:
1975 3213 2261 3271 saturavit

61 3317 107 3357 se
152 3303 437 3376 sanguine
483 3301 989 3361 dissimillimorum
1033 3301 1121 3358 sui
1166 3302 1401 3359 civium:
1448 3299 1587 3358 felix
1632 3299 1768 3375 fuit,
1814 3300 1863 3358 si
1902 3305 2097 3373 potest
2140 3300 2259 3358 ulla

61 3387 107 3445 in
151 3391 380 3450 scelere
428 3405 556 3449 esse
612 3388 877 3447 felicitas
978 3388 1119 3463 Sed,
1181 3389 1451 3461 quoniam
1498 3389 1792 3447 veteranis
1839 3393 2069 3446 cautum
2130 3404 2259 3446 esse

185 3642 243 3708 1)
296 3640 496 3694 scilicet
531 3638 827 3703 Eberhard,
881 3636 1270 3693 Hirschfelder.
1487 3637 1542 3707 2)
1578 3638 1663 3692 ita
1706 3638 2033 3708 iynoscerem
2081 3639 2260 3703 Halm,

60 3712 183 3777 quod
232 3711 290 3764 in
338 3712 460 3765 Vat.
513 3713 596 3765 est
632 3727 740 3778 pro
784 3710 958 3763 nihilo
1006 3710 1056 3763 si
1115 3709 1198 3763 ita
1247 3709 1395 3776 imm
1448 3710 1609 3777 vulgo
1660 3726 1723 3763 ex
1774 3709 1909 3763 dett.
1959 3710 2110 3763 codd.
2152 3726 2262 3778 pro

61 3780 218 3834 nihilo
258 3787 350 3848 est,
386 3782 437 3835 si
471 3782 553 3835 ita
588 3787 737 3844 esset,
775 3781 1111 3849 iynoscerem.
1236 3781 1290 3847 3)
1327 3779 1667 3832 coloniarum
1704 3778 1931 3850 Campe,
1970 3780 2260 3835 Eberhard.

59 3851 131 3903 cfr.
168 3857 200 3917 ξ
247 3852 373 3917 10ος
421 3852 683 3907 itinerum
721 3851 871 3906 codd.
888 3871 900 3915 ;
951 3852 1127 3904 Halm.
1304 3851 1362 3916 4)
1420 3854 1636 3902 tantam
1676 3850 2070 3918 iwrpitudinem
2109 3851 2260 3902 uncis

58 3920 720 4052 ἰιιοέίοΕῗίἓὲτίὲθξαγεετ,
757 3920 1049 3976 Eberhard.
1195 3922 1249 3988 5)
1288 3919 1422 3974 Unc.
1460 3936 1574 3988 pos‚
1614 3919 1792 3986 Koch,
1830 3918 2120 4052 {gerhard
