2669 4354
414 201 495 256 74
1372 213 1589 254 ORATIO
1623 215 1663 252 1.

410 391 536 462 lux,
594 388 870 460 Catilina,
932 392 1034 445 aut
1076 387 1244 445 huius
1292 387 1440 445 caeli
1479 388 1711 460 spiritus
1760 404 1888 446 esse
1928 389 2235 463 iucunduS,
2301 407 2427 448 cum
2467 390 2592 447 scias
2651 426 2652 435 ι

414 495 542 537 esse
601 477 804 534 horum
859 477 1148 534 neminem
1203 477 1302 548 qui
1357 476 1580 534 nesciat
1637 481 1696 533 te
1749 476 1935 549 pridie
1981 477 2274 535 Kalendas
2321 479 2592 570 Ianuarias
2651 476 2652 487 ¹

410 565 633 639 Lepido
679 570 740 624 et
777 564 942 622 Tullo
988 565 1313 622 consulibus
1355 564 1582 623 stetisse
1625 565 1688 622 in
1733 565 1960 622 comitio
2006 582 2132 623 cum
2183 568 2342 624 telo?
2387 576 2480 623 ma
2516 584 2593 623 um

413 655 704 712 consulum
754 658 814 711 et
854 653 1179 726 principum
1221 652 1467 710 civitatis
1512 651 2039 711 interficiendorum
2085 670 2257 712 causa
2286 655 2593 727 paravisse?
2647 712 2648 717 ,

412 743 621 801 sceleri
691 758 759 799 ac
816 741 998 800 furori
1060 747 1158 799 tuo
1218 757 1333 798 non
1395 746 1647 798 mentem
1694 741 1942 814 aliquam
1987 747 2088 799 aut
2132 743 2396 801 timorem
2439 749 2593 814 tuum,

410 831 514 889 sed
574 829 867 888 fortunam
910 830 1106 902 populi
1149 828 1395 887 Romani
1442 826 1769 887 obstitisse?
1856 829 1943 887 Ac
1985 830 2104 887 iam
2146 831 2248 887 illa
2294 833 2487 889 omitto
2525 862 2591 869 —

400 936 601 991 ,neque
639 918 809 1005 enim
839 923 973 975 sunt
1017 922 1117 975 aut
1161 918 1404 976 obscura
1449 923 1550 974 aut
1593 934 1707 976 non
1737 918 1917 976 multa
1947 919 2248 977 commissa
2277 925 2476 991 postea
2502 952 2571 959 —

380 995 675 1080 ‘quotiens
723 982 809 1064 ιιι
835 1022 926 1063 me
959 1005 1347 1080 designatum,
1395 1007 1666 1077 quotiens
1698 1006 1989 1065 consulem
2018 1004 2348 1065 interficere
2382 1011 2594 1064 conatus

363 1118 368 1123 ·
412 1113 474 1154 es
499 1088 576 1173 ¹)1
639 1100 775 1167 quot
823 1110 930 1167 ego
971 1100 1099 1152 tuas
1144 1094 1457 1166 petitiones
1502 1095 1588 1151 ita
1633 1095 1951 1167 coniectaS,
1995 1100 2060 1151 ut
2104 1095 2273 1152 vitari
2305 1111 2471 1168 posse
2499 1110 2593 1151 non

407 1184 771 1256 viderentur,
828 1198 1006 1255 parva
1063 1181 1303 1254 quadam
1362 1182 1747 1241 declinatione
1796 1188 1882 1255 et,
1947 1188 2012 1240 ut
2055 1183 2243 1256 aiunt,
2304 1200 2535 1256 corpore
2554 1175 2593 1260 ²³)

411 1271 608 1345 effugi!
697 1267 884 1346 [Nihil
936 1265 1116 1352 agis],
1170 1271 1315 1328 nihil
1373 1272 1735 1344 adsequeris,
1792 1267 1965 1346 [nihil
2018 1267 2265 1347 moliris]
2290 1266 2370 1351 3),
2430 1286 2592 1342 neque

312 1361 387 1416 16
409 1366 606 1417 tamen
668 1359 866 1416 conari
924 1374 994 1415 ac
1046 1359 1197 1417 velle
1250 1359 1497 1418 desistis
1600 1358 1876 1428 Quotiens
1939 1357 2046 1415 tibi
2098 1359 2210 1415 iam
2260 1365 2483 1417 extorta
2526 1363 2595 1416 est

409 1448 530 1506 sica
562 1448 676 1505 ista
707 1445 780 1504 de
810 1446 1102 1522 manibus!
1149 1449 1415 1519 quotiens
1457 1462 1593 1505 vero
1639 1446 1852 1504 excidit
1896 1462 2032 1503 casu
2079 1447 2270 1518 aliquo
2318 1453 2378 1506 et
2423 1449 2596 1520 elapsa
2647 1414 2653 1513 {

410 1536 524 1593 est!
589 1532 812 1611 [tamen
858 1551 929 1592 ea
967 1551 1170 1593 carere
1216 1535 1429 1594 diutius
1474 1552 1589 1593 non
1632 1531 1824 1611 potes]
1852 1527 1904 1614 4)
1949 1551 2098 1606 quae
2146 1535 2377 1607 quidem
2415 1535 2595 1608 quibus

408 1623 512 1681 abs
566 1629 624 1680 te
672 1623 903 1681 initiata
958 1624 1137 1680 sacris
1197 1639 1266 1680 ac
1326 1625 1533 1683 devota
1594 1624 1670 1680 sit
1710 1623 1934 1695 nesci0‚
2016 1623 2165 1695 quod
2204 1640 2331 1682 eam
2378 1639 2595 1682 necesse

351 1706 388 1771 7
407 1718 574 1784 putas
643 1728 770 1769 esse
834 1712 896 1769 in
964 1712 1212 1770 consulis
1270 1728 1509 1785 corpore
1568 1708 1840 1784 defigere.
1928 1710 2097 1769 Nunc
2140 1729 2279 1789 vero
2324 1729 2473 1784 quae
2514 1717 2595 1768 tua

410 1806 498 1858 est
557 1800 670 1858 ista
729 1799 895 1857 vita?
984 1798 1080 1858 Sic
1145 1801 1298 1858 enim
1349 1801 1465 1858 iam
1514 1805 1707 1857 tecum
1754 1799 1991 1873 loquar,
2044 1816 2157 1858 non
2203 1805 2267 1857 ut
2308 1800 2453 1858 odio⁴
2483 1817 2595 1873 per-

410 1892 596 1946 motus
654 1902 782 1945 esse
843 1888 1072 1962 videar,
1131 1904 1241 1959 quo
1288 1886 1509 1960 debeo,
1567 1887 1669 1945 sed
1719 1892 1783 1945 ut
1826 1887 2256 1961 misericordia,
2318 1905 2469 1961 quae
2511 1887 2597 1944 tibi

410 1976 571 2033 nulla
624 1975 886 2034 debetur.
975 1976 1201 2034 Venisti
1258 1977 1432 2048 paulo
1479 1981 1613 2034 ante
1660 1977 1719 2032 in
1766 1980 2059 2033 senatum:
2116 1977 2241 2048 quis
2288 1981 2349 2034 te
2400 1995 2470 2035 ex
2510 1977 2598 2033 hac

409 2069 575 2121 tanta
643 2061 999 2136 frequentia,
1062 2068 1149 2121 tot
1205 2079 1275 2120 ex
1331 2065 1446 2122 tuis
1506 2064 1705 2121 amicis
1768 2078 1836 2120 ac
1896 2065 2240 2122 necessariis
2304 2064 2597 2123 salutavit?

410 2152 469 2211 Si
514 2152 624 2209 hoc
667 2155 797 2223 post
839 2150 1129 2209 hominum
1171 2153 1511 2211 memoriam
1551 2151 1791 2225 contigit
1828 2152 2073 2227 nemini,
2118 2154 2272 2212 vocis
2320 2158 2597 2227 exspectas

411 2240 846 2330 contumeliam,
895 2256 1024 2298 cum
1070 2242 1147 2298 sis
1192 2242 1529 2313 gravissimo
1575 2240 1786 2298 iudicio
1823 2242 2232 2300 taciturnitatis
2278 2242 2597 2316 oppressus?

411 2303 587 2401 Quid,
653 2327 803 2399 quod
871 2327 1122 2387 adventu
1185 2335 1283 2387 tuo
1349 2330 1462 2389 ista
1514 2329 1789 2408 supsellia
1844 2328 2183 2388 vacuefacta
2244 2337 2405 2403 sunt,
2472 2327 2598 2402 quod
2651 2401 2652 2416 χ

411 2432 609 2473 omnes
668 2417 1025 2505 consulareS,
1095 2418 1191 2489 qui
1262 2418 1369 2475 tibi
1426 2434 1709 2492 persaepe
1750 2416 1825 2475 ad
1871 2417 2108 2475 caedem
2154 2376 2454 2477 οοιιειιιιιιι
2494 2417 2597 2475 fue-

409 2509 575 2576 runt,
629 2484 831 2560 ειιιιιιῙ
849 2481 1022 2577 atque
1077 2505 1380 2580 adsedisti,
1448 2512 1673 2579 partem
1731 2505 1901 2563 istam
1960 2506 2361 2564 subselliorum
2410 2506 2598 2565 nudam

411 2597 585 2663 atque
639 2591 872 2649 inanem
919 2594 1313 2667 reliquerunt,
1376 2611 1485 2667 quo
1542 2594 1775 2653 tandem
1818 2594 2007 2651 animo
2051 2594 2159 2651 hoc
2179 2588 2242 2694 ⁵)
2257 2596 2387 2699 stibi
2432 2594 2599 2652 feren-

309 2679 384 2734 17
409 2679 542 2737 dum
585 2683 789 2752 putas?
877 2679 1040 2739 Servi
1085 2698 1176 2740 me
1221 2684 1457 2741 hercule
1503 2682 1618 2740 mei
1671 2682 1720 2739 si
1763 2697 1854 2737 me
1899 2682 2010 2739 isto
2054 2669 2248 2755 pacto
2257 2666 2600 2751 smetuerent,

407 2773 471 2825 ut
537 2773 595 2826 te
654 2774 919 2826 metuunt
986 2786 1181 2827 omnes
1242 2771 1397 2828 cives
1457 2771 1566 2844 tui,
1642 2769 1867 2827 domum
1933 2787 2122 2829 meam
2180 2770 2600 2844 relinquendam

406 2862 699 2929 putarem:
741 2860 803 2913 tu
846 2857 952 2915 tibi
983 2859 1184 2916 urbem
1216 2875 1331 2915 non
1365 2858 1709 2916 arbitraris?
1756 2863 1815 2916 et
1846 2858 1895 2916 si
1926 2875 2017 2916 me
2047 2858 2191 2915 meis
2222 2859 2445 2917 civibus
2475 2859 2600 2916 iniu-

404 2946 494 3002 ria
540 2950 868 3017 suspectum
925 2952 1043 3003 tam
1097 2948 1351 3020 graviter
1406 2953 1577 3019 atque
1625 2944 1900 3004 offensum
1945 2945 2227 3021 viderem,
2282 2963 2489 3006 carere
2526 2960 2600 3003 me

406 3032 686 3105 adspectu
748 3033 957 3090 civium
1018 3051 1187 3105 quam
1250 3033 1475 3093 infestis
1525 3035 1704 3092 oculis
1763 3035 2013 3092 omnium
2057 3035 2308 3107 conspici
2354 3036 2599 3093 mallem:

403 3127 467 3178 ιιι
533 3137 661 3177 cum
728 3123 1084 3180 conscientia
1144 3122 1427 3180 scelerum
1487 3128 1713 3180 tuorum
1775 3139 2053 3195 agnoscas
2112 3123 2304 3181 odium
2368 3124 2601 3183 omnium

403 3209 617 3266 iustum
657 3214 718 3266 et
758 3210 875 3266 iam
921 3209 1019 3267 diu
1064 3209 1170 3267 tibi
1212 3209 1501 3284 debitum,
1548 3210 1799 3284 dubitaS,
1842 3228 2080 3283 quorum
2119 3218 2346 3270 mentes
2390 3227 2602 3271 sensus-

404 3313 515 3367 que
573 3297 872 3370 vulneraS,
936 3315 1133 3355 eorum
1197 3299 1533 3371 adspectum
1588 3299 2089 3371 praesentiamque
2134 3301 2365 3357 vitare?
2456 3300 2517 3358 Si
2554 3305 2602 3354 te

582 3481 639 3546 1)
674 3479 895 3533 voluisti
931 3479 1081 3533 codd
1120 3479 1351 3547 aliquot,
1393 3480 1569 3533 Halm.
1809 3480 1862 3548 2)
1902 3480 2293 3547 declinatione,
2335 3490 2404 3537 ut
2441 3481 2603 3539 aiunt,

406 3549 649 3616 corporis
682 3550 847 3604 Bake.
1132 3552 1184 3619 3)
1221 3550 1365 3602 m'hil
1399 3550 1519 3617 ayis
1557 3552 1611 3604 et
1643 3550 1787 3603 nihil
1819 3550 2025 3603 moliris
2062 3569 2163 3605 om.
2202 3552 2352 3605 codd.
2397 3553 2652 3621 aliquot
2651 3581 2652 3590 ι

406 3620 594 3684 Klotz,
641 3620 816 3674 Halm.
916 3620 1218 3700 Sequuntur
1254 3624 1379 3688 post
1412 3620 1623 3673 moliris
1658 3623 1715 3674 in
1752 3638 1859 3674 non
1896 3622 2058 3675 nullis
2095 3622 2241 3675 codd.
2280 3625 2445 3676 verba
2478 3617 2652 3688 quod

403 3690 539 3742 mihi
576 3691 739 3743 latere
771 3692 951 3745 valeat
986 3707 1048 3742 m
1083 3698 1326 3759 tempore.
1547 3692 1602 3759 4)
1642 3692 1821 3745 Verba
1858 3699 2039 3746 tamen
2073 3725 2140 3732 —
2170 3700 2325 3759 potes
2363 3694 2432 3747 de
2469 3693 2652 3778 Heu-1

402 3761 584 3814 manni
622 3762 890 3816 sententia
928 3761 1094 3815 Orelli
1133 3763 1283 3815 uncis
1319 3761 1562 3827 inclusit,
1602 3762 1781 3815 omisit
1805 3763 1990 3831 Halm,
2030 3763 2165 3831 quod
2188 3780 2250 3816 ex
2275 3781 2317 3818 c.
2343 3765 2379 3817 9
2405 3765 2605 3816 invecta
2651 3763 2652 3832 ξ

404 3835 544 3885 sunt.
760 3834 814 3899 5)
855 3832 953 3885 hoc
988 3849 1087 3885 om.
1127 3832 1276 3886 codd.
1313 3849 1444 3913 rec.;
1482 3833 1604 3885 incl.
1642 3833 1870 3897 Linker,
1907 3851 2004 3887 οιιι.
2043 3834 2334 3887 Eberhard.
