2669 4354
384 207 421 261 8
1379 217 1595 257 ORATIO

382 393 691 452 observent
733 398 1076 464 tempusque
1125 397 1521 465 aucupentur,
1567 397 1660 463 ut,
1706 391 2049 461 simulatque
2096 389 2197 446 ille
2242 387 2589 460 despexerit,

381 482 601 552 aliquid
661 481 900 538 huiusce
956 481 1107 538 modi
1165 481 1492 537 moliantur.
1580 480 1709 536 Huc
1755 478 2009 550 accedit,
2078 474 2265 549 quod,
2336 476 2588 547 quamvis

379 569 482 626 ille
543 568 681 625 felix
728 569 847 641 sit,
909 569 1058 625 sicut
1106 573 1224 640 est,
1286 571 1482 624 tamen
1539 572 1703 623 tanta
1729 560 1778 645 1)
1835 565 2119 622 felicitate
2175 580 2344 620 nemo
2405 569 2588 634 potest

382 673 535 728 esse,
584 657 646 713 in
691 672 900 728 magna
943 654 1165 713 familia
1212 655 1310 726 qui
1355 655 1651 712 neminem
1696 668 1885 725 neque
1933 669 2163 710 servum
2202 667 2394 722 neque
2428 651 2588 731 liber-

280 746 359 801 23
380 751 502 802 tum
566 744 891 816 improbum
956 743 1187 800 habeat.
1292 743 1530 800 Interea
1585 742 1694 799 iste
1759 741 1825 799 T.
1864 741 2132 813 Roscius,
2195 740 2284 796 vir
2332 739 2585 811 optimuS,

378 837 720 905 procurator
766 830 1149 904 Chrysogoni,
1197 830 1493 886 Ameriam
1533 830 1723 898 venit,
1769 829 1831 886 in
1875 828 2118 901 praedia
2157 826 2327 885 huius
2358 827 2585 894 invadit,

381 922 533 978 hunc
578 920 887 991 miserum,
936 919 1094 975 luctu
1135 917 1462 989 perditum,
1509 918 1606 988 qui
1637 873 1891 974 no⁷ndum
1923 917 2102 973 etiam
2131 915 2326 979 omnia
2354 920 2584 986 paterno

378 1006 570 1064 funeri
615 1007 768 1063 iusta
808 1007 1104 1077 solvisset,
1166 1005 1378 1061 nudum
1428 1005 1566 1062 eicit
1610 1005 1774 1062 domo
1821 1010 1993 1076 atque
2040 1002 2186 1060 focis
2233 1003 2443 1074 patriis
2488 1002 2584 1058 dis-

380 1112 490 1166 que
537 1093 847 1166 penatibus
901 1094 1309 1165 praecipitem,
1373 1092 1623 1166 iudiceS,
1678 1092 1978 1164 exturbat,
2039 1092 2163 1163 ipse
2211 1089 2584 1161 amplissimae

328 1184 335 1193 ’
377 1182 664 1255 pecuniae
723 1179 788 1238 fit
831 1181 1107 1237 dominus
1196 1180 1304 1250 Qui
1348 1181 1411 1237 in
1456 1196 1559 1236 sua
1602 1196 1668 1237 re
1716 1178 1923 1237 fuisset
1963 1178 2397 1251 egentissimus»,
2460 1184 2585 1246 erat,

379 1275 444 1326 ut
488 1267 577 1342 fit,
638 1268 895 1326 insolens
940 1269 1000 1324 in
1039 1268 1249 1324 aliena.
1342 1267 1529 1324 Multa
1568 1267 1761 1339 palam
1807 1265 2032 1323 domum
2073 1282 2234 1323 suam
2275 1262 2586 1333 auferebat,

379 1357 550 1428 plura
611 1356 760 1412 clam
826 1355 898 1412 de
965 1354 1155 1413 medio
1215 1354 1584 1428 removebat·
1652 1371 1767 1412 non
1833 1369 2018 1425 pauca
2077 1353 2195 1410 suis
2238 1351 2585 1409 adiutoribus

379 1444 542 1514 large
592 1441 886 1513 effuseque
934 1441 1219 1513 donabat·
1277 1443 1504 1514 reliqua
1553 1442 1863 1499 constituta
1909 1441 2179 1497 auctione
2224 1439 2538 1497 vendebat.

318 1524 374 1603 9
555 1530 718 1601 Quod
759 1531 1047 1587 Amerinis
1094 1546 1271 1600 usque
1321 1547 1389 1587 eo
1428 1531 1613 1587 visum
1659 1534 1748 1586 est
1791 1528 2117 1600 indignum,
2178 1533 2241 1584 ut
2287 1527 2433 1585 urbe
2484 1531 2584 1584 tota

281 1617 362 1673 24
380 1615 552 1674 fletus
598 1619 961 1690 gemitusque
1005 1615 1191 1675 fieret.
1279 1617 1516 1674 Etenim
1562 1618 1742 1674 multa
1785 1616 1953 1673 simul
2001 1621 2137 1672 ante
2178 1614 2373 1672 oculos
2405 1629 2585 1674 versa-

381 1703 618 1762 bantur:
683 1722 837 1763 mors
882 1705 1131 1762 hominis
1172 1702 1566 1762 florentissimi
1611 1705 1741 1762 Sex.
1786 1704 1982 1761 Roscii
2022 1702 2456 1776 crudelissima,
2500 1700 2585 1757 filii

382 1797 578 1850 autem
663 1793 786 1850 eius
868 1797 1097 1864 egestas
1179 1792 1612 1864 indignissima,
1703 1791 1793 1849 cui
1870 1790 1942 1848 de
2014 1796 2176 1848 tanto
2250 1790 2584 1861 patrimonio

381 1880 599 1951 praedo
657 1881 768 1938 iste
815 1878 1076 1938 nefarius
1117 1897 1191 1937 ne
1238 1881 1357 1937 iter
1402 1880 1635 1951 quidem
1682 1880 1755 1936 ad
1801 1879 2125 1950 sepulcrum
2173 1878 2426 1949 patrium
2468 1877 2584 1935 reli-

379 1967 626 2040 quisset,
693 1968 974 2025 bonorum
1034 1968 1247 2039 emptio
1306 1965 1626 2040 flagitiosa,
1706 1967 2020 2039 possessio,
2091 1965 2269 2037 furta,
2336 1967 2585 2038 rapinae,

379 2054 737 2112 donationes,
825 2055 1009 2112 Nemo
1053 2060 1210 2128 erat,
1256 2055 1501 2126 quinon
1546 2055 1753 2112 ardere
1800 2054 1902 2110 illa
1945 2053 2137 2110 omnia
2182 2054 2385 2110 mallet
2432 2068 2584 2126 quam

378 2141 577 2200 videre
643 2143 703 2199 in
765 2142 892 2201 Sex.
948 2142 1181 2215 Roscii,
1262 2142 1376 2199 viri
1440 2143 1641 2215 optimi
1702 2146 1875 2214 atque
1935 2141 2357 2211 honestissimi,
2433 2140 2583 2201 bonis
2625 2203 2626 2208 η

277 2227 694 2287 25iactantem
758 2247 820 2287 se
881 2247 949 2287 ac
1002 2230 1393 2288 dominantem
1447 2231 1514 2288 T.
1572 2230 1863 2288 Roscium.
1961 2230 2163 2301 Itaque
2220 2229 2583 2288 decurionum

378 2317 676 2373 decretum
727 2318 923 2375 statim
965 2316 1062 2385 fit,
1111 2324 1174 2374 ut
1219 2317 1422 2375 decem
1461 2319 1632 2390 primi
1672 2316 2108 2390 proficiscantur
2155 2315 2231 2374 ad
2272 2317 2337 2375 L.
2378 2319 2582 2377 Sullam
2625 2341 2626 2368 l

376 2404 737 2476 doceantque
800 2421 929 2462 eum
949 2448 964 2477 ‚
1027 2406 1125 2476 qui
1172 2405 1262 2461 vir
1314 2403 1444 2462 Sex.
1494 2406 1735 2463 Roscius
1780 2405 1980 2477 fuerit,
2050 2410 2482 2476 conquerantur
2524 2404 2581 2460 de
2625 2401 2626 2410 ’

374 2493 615 2548 istorum
663 2493 883 2550 scelere
932 2498 992 2549 et
1035 2492 1290 2565 iniuriis,
1354 2498 1549 2565 orent,
1612 2499 1676 2550 ut
1721 2497 1782 2549 et
1824 2493 1979 2550 illius
2024 2494 2236 2550 mortui
2282 2491 2499 2552 famam
2535 2495 2581 2547 et

375 2577 478 2635 filii
542 2580 870 2637 innocentis
933 2579 1191 2637 fortunas
1251 2585 1622 2638 conservatas
1682 2580 1836 2637 velit.
1927 2581 2115 2652 Atque
2161 2581 2346 2652 ipsum
2393 2582 2581 2639 decre·
2625 2611 2626 2650 3

374 2672 526 2738 tum,
595 2683 838 2738 quaeso,
904 2667 1248 2738 cognoscite.
1365 2666 1703 2724 DECRETVM
1753 2684 2165 2726 DECVRIONVM.
2263 2669 2475 2743 Legati
2532 2667 2579 2723 in
2623 2709 2626 2780 ἱ

374 2759 566 2811 castra
631 2755 885 2812 veniunt.
989 2754 1381 2827 Intellegitur,
1453 2754 1705 2828 iudiceS,
1771 2755 1832 2812 id
1893 2757 2045 2827 quod
2097 2756 2215 2813 iam
2269 2763 2407 2814 ante
2458 2755 2578 2823 dixi,
2625 2785 2626 2808 ι

373 2841 737 2914 imprudente
789 2840 854 2897 L.
900 2841 1060 2898 Sulla
1116 2841 1343 2898 scelera
1396 2841 1543 2900 haec
1598 2848 1658 2899 et
1701 2840 1924 2914 flagitia
1967 2841 2112 2901 fieri.
2201 2845 2352 2902 Nam
2398 2844 2577 2902 statim
2625 2851 2626 2892 Τ

376 2928 777 3001 Chrysogonus
839 2934 899 2986 et
956 2929 1080 3000 ipse
1125 2929 1198 2985 ad
1247 2945 1346 2986 eos
1391 2930 1619 2988 accedit
1660 2935 1720 2988 et
1747 2929 2027 2988 homines
2066 2931 2291 2991 nobiles
2338 2933 2577 3005 adlegat,
2625 2919 2626 2924 ’

371 3017 443 3074 ab
490 3017 562 3074 iis
585 3010 636 3094 2)
691 3017 789 3087 qui
829 3021 1128 3088 peterent,
1188 3032 1262 3072 ne
1312 3016 1386 3073 ad
1430 3018 1647 3075 Sullam
1693 3017 1949 3092 adirent,
2005 3023 2066 3075 et
2110 3020 2301 3077 omnia
2349 3020 2578 3091 Chryso-

268 3102 347 3158 26
369 3120 616 3177 gonum,
671 3119 819 3174 quae
863 3103 1112 3175 vellent,
1171 3118 1299 3160 esse
1348 3102 1628 3165 facturum
1675 3105 2110 3177 pollicerentur.
2197 3107 2395 3179 Usque
2444 3106 2576 3164 adeo

369 3195 566 3247 autem
628 3191 729 3247 ille
795 3190 1211 3263 pertimuerat,
1275 3195 1341 3247 ut
1405 3192 1549 3248 mori
1610 3193 1812 3250 mallet
1876 3211 2048 3265 quam
2118 3192 2191 3250 de
2251 3196 2340 3251 his
2414 3195 2576 3251 rebus

368 3276 585 3334 Sullam
631 3278 846 3336 doceri.
937 3277 1217 3335 Homines
1261 3278 1512 3351 antiqui,
1559 3280 1657 3351 qui
1700 3296 1771 3337 ex
1810 3297 1913 3338 sua
1959 3287 2167 3339 natura
2214 3288 2442 3340 ceteros
2485 3278 2574 3337 fin-

365 3370 598 3437 gerent,
656 3381 784 3421 cum
837 3365 936 3421 ille
996 3363 1366 3423 confirmaret
1419 3383 1548 3424 sese
1585 3384 1795 3425 nomen
1836 3368 1965 3426 Sex.
2013 3368 2209 3426 Roscii
2252 3370 2325 3427 de
2372 3366 2575 3427 tabulis

368 3458 795 3525 exempturum,
842 3453 1080 3524 praedia
1122 3468 1308 3510 vacua
1350 3451 1467 3510 filio
1507 3454 1881 3527 traditurum,
1925 3472 2167 3529 cumque
2213 3456 2273 3514 id
2319 3458 2405 3514 ita
2436 3457 2573 3514 futu-

363 3556 491 3596 rum
535 3539 601 3596 T.
646 3538 888 3596 Roscius
929 3540 1165 3614 Capito,
1205 3541 1302 3611 qui
1343 3541 1404 3598 in
1450 3542 1653 3599 decem
1692 3542 1901 3616 legatis
1935 3551 2086 3617 erat,
2113 3545 2572 3640 'appromittereb

538 3741 591 3806 1)
630 3745 810 3792 tamen
846 3742 1008 3790 tanta
1045 3739 1370 3792 Lambinus:
1421 3744 1456 3793 t.
1496 3739 1558 3791 in
1592 3745 1628 3793 t.
1667 3741 1821 3793 codd.
2037 3743 2090 3808 2)
2130 3742 2378 3809 adleyat,
2418 3738 2573 3795 abiis

359 3808 454 3875 qui
489 3809 809 3863 Lambinus:
860 3809 1076 3875 adleyat
1111 3809 1209 3875 iis,
1247 3809 1343 3875 qui
1383 3810 1497 3863 cod.
1535 3810 1793 3878 plerique.
