2669 4354
916 259 1028 299 Pno
1074 261 1123 299 P.
1163 258 1381 299 sns'mo.
2130 245 2252 301 247

60 433 352 504 optimates
418 439 574 506 sunt,
635 435 733 505 qui
789 449 982 505 neque
1042 439 1319 492 nocentes
1382 439 1514 491 sunt
1575 451 1683 492 nec
1744 440 1955 493 natura
2011 436 2258 507 improbi

60 536 158 578 nec
183 516 227 600 ¹)
282 519 483 578 furiosi
527 537 640 579 nec
694 520 861 580 malis
907 520 1239 580 domesticis
1300 522 1580 594 impediti.
1692 521 1802 580 Est
1843 523 2022 595 igitur
2046 517 2127 599 ²),
2194 529 2259 581 ut

60 609 108 666 ei
147 609 283 682 sint,
344 624 514 681 quam
572 614 636 666 tu
682 610 976 668 nationem
1032 610 1367 682 appellasti,
1428 611 1528 681 qui
1574 615 1635 667 et
1653 603 1706 688 ⁸)
1762 610 1977 683 integri
2024 617 2156 670 sunt
2199 617 2259 669 et

59 697 174 754 sani
215 701 275 755 et
317 695 468 755 bene
517 696 590 755 de
633 697 807 756 rebus
852 697 1183 756 domesticis
1230 698 1546 755 constituti.
1651 698 1872 756 Horum
1916 700 2015 771 qui
2059 700 2259 757 volun-

60 786 154 842 tati
172 829 188 859 ,
229 784 540 843 commodis
556 829 572 858 ,
617 784 986 857 opinionibus
1006 781 1055 859 ⁴)
1093 786 1155 843 in
1202 785 1580 858 gubernanda
1623 803 1688 844 re
1720 787 1952 859 publica
1983 789 2260 860 serviunt,

60 871 382 931 defensores
428 873 791 945 optimatium
851 874 1078 946 ipsique
1124 875 1431 946 optimates
1476 874 1797 947 gravissimi
1843 881 1904 932 et
1957 876 2259 933 clarissimi

61 962 200 1020 cives
240 968 622 1020 numerantur
668 967 727 1019 et
770 961 1064 1035 principes
1105 961 1372 1019 civitatis.
1477 961 1625 1031 Quid
1682 967 1772 1021 est
1824 962 2002 1034 igitur
2054 979 2261 1036 propo-
2282 960 2361 1017 98

57 1050 216 1106 situm
251 1049 344 1107 his
387 1049 476 1108 rei
521 1048 789 1121 publicae
835 1049 1317 1123 gubernatoribus
1330 1093 1347 1122 ,
1409 1049 1559 1121 quod
1611 1050 1829 1108 intueri
1873 1055 1935 1107 et
1977 1068 2088 1124 quo
2134 1067 2261 1110 cur-

0 1103 3 1238 *
57 1153 170 1195 sum
221 1153 391 1194 suum
435 1137 705 1209 derigere
725 1130 778 1215 5)
834 1136 1122 1196 debeant?
1224 1137 1291 1194 Id
1349 1137 1503 1208 quod
1559 1143 1649 1197 est
1701 1140 2260 1210 praestantissimum

0 1241 1 1262 ι
57 1226 407 1296 maximeque
477 1224 733 1297 optabile
803 1225 1066 1284 omnibus
1132 1226 1288 1282 sanis
1359 1230 1420 1282 et
1490 1225 1656 1284 bonis
1723 1232 1784 1284 et
1846 1226 2063 1300 beatis,
2133 1244 2262 1285 cum

0 1349 3 1362 .
56 1312 330 1386 dignitate
393 1313 589 1372 otium.
702 1313 828 1371 Hoc
887 1314 985 1385 qui
1041 1313 1241 1370 volunt
1259 1357 1276 1385 ,
1345 1329 1545 1372 omnes
1590 1315 1926 1388 optimates,
1994 1316 2092 1387 qui
2139 1313 2263 1374 effi-

0 1467 3 1476 ,
57 1403 228 1473 ciunt,
296 1401 500 1458 summi
557 1401 667 1458 viri
735 1405 795 1459 et
856 1406 1292 1459 conservatores
1353 1400 1602 1459 civitatis
1660 1406 1956 1474 putantur.
2058 1403 2262 1475 Neque

0 1525 7 1556 2
59 1489 198 1546 enim
241 1505 442 1546 rerum
504 1488 891 1561 gerendarum
938 1487 1222 1560 dignitate
1281 1488 1545 1547 homines
1603 1488 1798 1548 efferri
1848 1492 1933 1548 ita
1977 1492 2262 1563 convenit,

0 1561 9 1690 l
58 1583 113 1634 ut
167 1578 288 1634 otio
351 1593 468 1634 non
521 1576 905 1649 prospiciant,
971 1593 1162 1649 neque
1226 1576 1405 1634 ullum
1465 1577 1782 1649 amplexari
1840 1578 2054 1652 otium,
2112 1578 2262 1651 quod

0 1699 9 1748 ι
58 1664 360 1722 abhorreat
403 1681 442 1722 a
485 1664 790 1736 dignitate.

2 1751 3 1758 ’
215 1752 408 1810 Huius
454 1757 649 1810 autem
695 1752 918 1810 otiosae
966 1751 1265 1824 dignitatis
1309 1751 1457 1809 haec
1501 1749 1877 1811 fundamenta
1920 1759 2072 1827 sunt,
2118 1754 2264 1813 haec
2283 1741 2376 1806 46

60 1840 307 1899 membra
321 1884 335 1909 ,
391 1855 541 1912 quae
588 1839 807 1897 tuenda
849 1840 1204 1912 principibus
1249 1845 1311 1897 et
1356 1839 1447 1897 vel
1493 1841 1698 1911 capitis
1758 1840 2018 1913 periculo
2066 1840 2265 1899 defen-

60 1927 234 1986 denda
280 1932 445 1994 sunt:
489 1928 800 1999 religiones
813 1971 829 2000 ,
878 1927 1163 2000 auspicia,
1207 1931 1528 1999 potestates
1569 1929 2004 2000 magistratuum
2022 1972 2038 2001 ,
2097 1945 2265 1986 sena-

61 2021 138 2072 tus
179 2016 537 2087 auctoritas,
583 2015 745 2088 leges
760 2059 776 2088 ,
835 2031 956 2073 mos
1001 2015 1306 2088 maiorum,
1366 2013 1608 2088 iudicia,
1665 2016 1807 2073 iuris
1852 2015 2063 2090 dictio,
2102 2015 2265 2091 fides,

61 2104 411 2175 provinciae,
458 2102 634 2175 socii,
689 2102 920 2176 imperii
967 2103 1120 2175 lauS,
1166 2118 1261 2159 res
1305 2103 1603 2176 militaris,
1647 2104 1953 2162 aerarium.
2044 2060 2266 2162 ’Harum
2289 2098 2367 2156 99

62 2208 238 2249 rerum
295 2198 387 2249 tot
430 2197 607 2263 atque
669 2197 963 2249 tantarum
1009 2208 1137 2250 esse
1185 2189 1550 2249 defensorem
1596 2197 1657 2250 et
1711 2198 2017 2264 patronum
2074 2194 2269 2265 magni

65 2280 220 2338 animi
279 2285 411 2353 est,
476 2280 672 2350 magni
731 2279 953 2350 ingenii
1012 2295 1372 2351 magnaeque
1428 2281 1805 2340 constantiae.
1917 2281 2153 2339 Etenim
2208 2284 2270 2339 in

68 2373 206 2426 tauto
252 2368 473 2425 civium
520 2383 758 2425 numero
803 2382 1013 2440 magna
1061 2365 1369 2424 multitudo
1415 2372 1505 2424 est
1550 2380 1774 2441 eorum,
1837 2368 1934 2440 qui
1980 2373 2082 2426 aut
2143 2386 2271 2441 pro·

8 2512 13 2523 ,
68 2459 179 2525 pter
222 2461 447 2513 metum
506 2470 764 2528 poenae,
828 2459 1198 2528 peccatorum
1250 2470 1481 2512 suorum
1543 2456 1757 2513 conscii
1775 2499 1791 2528 ,
1850 2471 2025 2513 novos
2086 2463 2273 2515 motus

8 2582 17 2617 ξ
70 2544 577 2614 conversionesque
624 2542 712 2600 rei
760 2542 1029 2616 publicae
1075 2547 1361 2613 quaerant
1378 2585 1394 2614 ,
1453 2546 1553 2599 aut
1596 2544 1695 2613 qui
1737 2547 1980 2616 propter
2037 2544 2275 2602 insitum

8 2620 17 2713 ζ
67 2631 341 2701 quendam
385 2629 566 2687 animi
590 2623 642 2710 ⁶)
685 2627 938 2688 furorem
986 2629 1288 2687 discordiis
1334 2629 1541 2686 civium
1590 2646 1660 2687 ac
1704 2630 1987 2689 seditione
2032 2646 2276 2703 pascan-

68 2725 170 2792 tur,
215 2724 326 2777 aut
369 2718 469 2790 qui
509 2723 747 2791 propter
789 2717 1240 2790 implicationem
1281 2718 1369 2774 rei
1412 2715 1714 2776 familiaris
1745 2718 2030 2776 communi
2078 2720 2275 2776 incen-

12 2820 17 2847 τ
67 2804 144 2864 dio
187 2807 401 2864 malint
446 2822 617 2877 quam
674 2822 778 2864 suo
835 2804 1176 2878 deflagrare.
1280 2804 1390 2875 Qui
1437 2820 1567 2861 cum
1626 2812 1894 2864 auctores
1922 2800 1972 2884 ⁷)
2027 2813 2159 2864 sunt
2215 2812 2273 2864 et

12 2936 19 2945 .
67 2891 224 2952 duces
273 2910 512 2952 suorum
544 2894 864 2952 studiorum
909 2894 1292 2966 vitiorumque
1338 2892 1526 2965 nacti,
1574 2892 1635 2950 in
1677 2910 1743 2950 re
1788 2893 2021 2965 publica
2065 2892 2274 2952 fluctus

12 2976 19 3005 '¹
69 2983 410 3054 excitantur,
462 2986 529 3039 ut
571 2981 925 3054 vigilandum
982 2981 1059 3038 sit
1117 2981 1202 3037 eis
1219 3025 1235 3054 ,
1300 2981 1397 3051 qui
1443 2979 1554 3037 sibi
1597 2980 1990 3054 gubernacula
2049 2983 2273 3054 patriae

68 3067 556 3144 depoposcerunt,
634 3069 1082 3142 enitendumque
1145 3067 1300 3126 omni
1361 3068 1609 3127 scientia
1670 3084 1740 3126 ac
1800 3068 2138 3142 diligentia,
2212 3075 2278 3126 ut

70 3158 416 3216 conservatis
474 3157 590 3230 eiS,
656 3173 805 3229 quae
854 3173 962 3228 ego
1021 3156 1193 3229 paulo
1252 3161 1389 3213 ante
1451 3155 1827 3214 fundamenta
1888 3173 1956 3214 ac
2018 3157 2278 3215 membra

73 3260 181 3303 esse
239 3245 393 3318 dixi,
449 3250 655 3303 tenere
718 3261 946 3302 cursum
1006 3244 1227 3316 possint
1288 3249 1349 3301 et
1395 3259 1605 3316 capere
1666 3244 1770 3301 otii
1825 3244 1989 3301 illum
2049 3250 2277 3318 portum

74 3338 120 3389 et
159 3332 479 3408 dignitatis
586 3332 753 3390 Hanc
809 3348 916 3406 ego
970 3332 1146 3405 viam,
1204 3331 1459 3404 iudices,
1521 3332 1568 3389 si
1617 3337 1717 3390 aut
1761 3348 2029 3405 asperam
2100 3338 2277 3405 atque
2303 3327 2427 3385 100

114 3538 125 3544 ·
196 3520 250 3585 1)
308 3515 515 3583 Kochly
550 3514 688 3569 coni.
726 3519 840 3568 aut.
997 3515 1050 3581 2)
1087 3514 1312 3583 Madvig
1349 3514 1485 3567 coni.
1524 3513 1802 3581 sequitwr3
1839 3514 1985 3566 Bake
2025 3514 2280 3582 efficitm.

77 3586 119 3652 3)
154 3586 240 3641 Sic
279 3587 592 3648 Manutius3
630 3584 780 3639 codd.
819 3589 868 3637 et
900 3585 1020 3652 qua}
1057 3585 1300 3653 Madvig,
1339 3584 1503 3637 Halm
1541 3590 1591 3637 et
1628 3584 1731 3638 del.
1848 3586 1905 3652 4)
1943 3584 2030 3638 Sic
2067 3585 2280 3648 Halm.;

77 3656 208 3710 codd.
248 3655 466 3726 efflui&
503 3655 673 3719 Koch,
710 3654 990 3708 Eberhard
1029 3654 1238 3721 opibus,
1276 3655 1437 3722 vulgo
1474 3653 1737 3721 opinioni.
1948 3657 2004 3719 5)
2043 3655 2132 3709 Sic
2166 3656 2281 3709 cod.

78 3725 208 3798 Pan,
256 3746 310 3781 v.
347 3726 567 3781 Lachm.
606 3696 673 3780 ad
710 3726 865 3779 Lucr.
904 3741 958 3794 p.
985 3725 1114 3789 247;
1149 3725 1296 3792 vulg.
1338 3723 1582 3792 diripere.
1746 3725 1801 3790 6)
1853 3724 2098 3779 Lambin.
2147 3726 2283 3779 coni.

80 3770 263 3852 animis
188 3795 697 3924 commendzavit
729 3796 986 3850 Wunder.
1131 3797 1184 3863 7)
1222 3794 1308 3847 Sic
1347 3794 1541 3861 Orelli;
1580 3798 1787 3850 tutores
1825 3795 1977 3850 codd.
1998 3799 2110 3863 opt.
2130 3837 2143 3863 ,
2188 3795 2283 3851 cfr.

1722 3934 1851 4026 16²³,
