2669 4354
932 260 1047 299 Pno
1089 262 1140 300 P.
1189 259 1410 300 sns'no.
2151 245 2276 303 209

81 434 168 485 aut
203 427 440 486 liberius
489 445 661 502 quam
698 431 795 503 qui
840 435 976 487 ante
1025 447 1115 488 me
1161 429 1463 503 dixerunt,
1520 436 1656 501 peto
1714 446 1748 487 a
1792 430 1984 503 vobiS,
2045 435 2110 487 ut
2151 435 2280 488 tan-

80 521 185 573 tum
241 518 492 574 orationi
550 534 716 576 meae
765 519 1096 576 concedatis
1113 562 1128 590 ,
1186 523 1465 589 quantum
1509 522 1569 575 et
1611 518 1705 589 pio
1751 517 1937 575 dolori
1982 523 2043 575 et
2086 518 2277 575 iustae

78 604 396 662 iracundiae
481 605 916 663 concedendum
986 606 1219 677 putetis.
1334 605 1485 663 Nam
1557 622 1747 678 neque
1769 599 1820 682 1)
1893 603 2082 663 officio
2144 622 2281 663 con-

78 691 305 749 iunctior
373 691 541 750 dolor
611 693 768 750 ullus
837 710 965 751 esse
1034 699 1224 766 potest
1279 709 1453 764 quam
1513 693 1608 749 hic
1654 710 1817 751 meus
1863 699 2162 765 susceptus
2207 710 2279 751 ex

77 778 304 837 hominis
366 780 441 837 de
499 797 591 838 me
649 782 862 853 optime
918 782 1108 838 meriti
1169 781 1429 852 periculo
1447 825 1462 854 ,
1518 797 1705 851 neque
1751 780 2052 838 iracundia
2096 781 2277 854 magis

77 867 180 923 ulla
240 867 537 925 laudanda
591 875 680 926 est
742 886 915 941 quam
960 885 1093 925 mea
1125 865 1483 925 inflammata
1506 861 1559 946 2)
1620 885 1819 926 eorum
1866 869 2119 941 scelere,
2178 868 2277 940 qui

76 970 189 1011 cum
235 954 499 1012 omnibus
554 971 721 1014 meae
768 957 975 1014 salutis
1032 955 1430 1014 defensoribus
1478 955 1693 1013 bellum
1742 972 1870 1014 esse
1917 956 2026 1013 sibi
2069 972 2278 1029 geren-

75 1041 195 1098 dum
258 1042 678 1101 iudicaverunt.
793 1043 936 1117 Sed,
1015 1045 1282 1116 quoniam
1357 1044 1597 1116 singulis
1681 1044 2013 1102 criminibus
2092 1043 2279 1101 ceteri
2300 1045 2336 1103 5

75 1129 517 1204 responderunt,
579 1131 766 1189 dicam
825 1149 932 1206 ego
991 1130 1065 1189 de
1121 1132 1275 1189 omni
1336 1136 1489 1188 statu
1552 1132 1615 1189 P.
1673 1131 1876 1204 Sestii,
1924 1132 1997 1190 de
2057 1148 2278 1203 genere

72 1218 242 1291 vitae,
302 1218 380 1276 de
436 1222 677 1292 natura,
732 1219 805 1276 de
850 1219 1134 1292 moribuS,
1192 1219 1264 1276 de
1325 1219 1655 1277 incredibili
1711 1236 1907 1277 amore
1966 1220 2027 1276 in
2080 1220 2280 1293 1101108,

74 1303 134 1361 de
174 1305 370 1362 studio
417 1305 850 1365 conservandae
890 1308 1095 1365 salutis
1142 1307 1458 1364 communis
1504 1313 1677 1379 atque
1718 1308 1851 1380 otii,
1912 1306 2281 1364 contendam-

74 1408 201 1463 que,
252 1394 300 1450 si
352 1393 524 1450 modo
570 1394 631 1451 id
676 1396 951 1467 consequi
991 1399 1221 1467 potem,
1286 1398 1350 1450 ut
1389 1396 1449 1451 in
1493 1394 1601 1451 hac
1649 1393 1889 1453 confusa
1934 1399 2108 1466 atque
2140 1395 2280 1451 uni-

71 1496 226 1538 versa
273 1478 619 1539 defensione
665 1481 806 1539 nihil
847 1498 883 1539 a
914 1499 1027 1554 me,
1073 1482 1222 1553 quod
1264 1481 1340 1539 ad
1372 1487 1624 1539 vestram
1655 1483 2072 1554 quaestionem,
2119 1482 2280 1556 nihil,

71 1568 209 1638 quod
239 1568 316 1625 ad
349 1585 535 1641 reum,
579 1570 748 1643 nihil,
790 1570 940 1642 quod
972 1570 1046 1627 ad
1075 1587 1201 1627 rem
1231 1568 1522 1641 publicam
1552 1571 1862 1642 pertineat,
1908 1571 2282 1641 praetermis-

70 1669 176 1711 sum
225 1673 363 1713 esse
410 1656 688 1714 videatur.
772 1657 851 1714 Et
879 1658 1150 1729 quoniam
1178 1658 1239 1714 in
1267 1658 1622 1727 gravissimis
1647 1657 2001 1729 temporibus
2031 1657 2281 1716 civitatis

71 1749 226 1815 atque
273 1746 339 1800 in
392 1745 578 1801 ruinis
625 1760 864 1803 eversae
909 1751 1085 1817 atque
1133 1742 1401 1802 adflictae
1442 1746 1533 1802 rei
1564 1744 1833 1817 publicae
1879 1744 1944 1801 P.
1972 1743 2147 1801 Sestii
2175 1746 2279 1801 tri-

69 1830 303 1888 bunatus
355 1836 447 1888 est
504 1848 540 1888 a
595 1832 857 1890 Fortuna
910 1834 1037 1904 ipsa
1088 1834 1416 1889 conlocatus
1434 1877 1449 1905 ,
1508 1849 1623 1890 non
1682 1830 1992 1905 adgrediar
2051 1830 2124 1888 ad
2177 1833 2282 1890 illa

70 1921 306 1976 maxima
355 1922 532 1991 atque
572 1921 926 1992 amplissima
984 1921 1141 1992 prius
1186 1936 1360 1991 quam
1406 1920 1674 1995 docuer0,
1717 1921 1924 1992 quibus
1969 1920 2149 1976 initiis
2209 1936 2280 1977 ac

64 2003 450 2064 fundamentis
480 2007 630 2064 haec
651 2001 702 2085 3)
749 2013 946 2066 tantae
992 2008 1228 2065 summis
1270 2008 1330 2064 in
1376 2007 1550 2065 rebus
1587 2007 1791 2065 laudes
1827 2009 2115 2065 excitatae
2148 2008 2278 2065 sint.

220 2094 491 2152 Parente
536 2095 600 2152 P.
644 2095 869 2152 Sestius
914 2102 1085 2153 natus
1125 2100 1242 2168 est,
1300 2095 1555 2169 iudiceS,
1601 2096 1867 2168 homine,
1914 2100 1978 2152 ut
2019 2095 2278 2167 plerique
2300 2093 2343 2160 3

65 2184 430 2255 meministiS,
479 2188 538 2240 et
579 2184 841 2255 sapiente
866 2179 920 2263 4)
961 2190 1023 2241 et
1067 2189 1265 2241 sancto
1306 2190 1367 2241 et
1407 2200 1645 2242 severo:
1706 2185 1804 2256 qui
1847 2201 1978 2241 cum
2016 2184 2281 2242 tribunus
2303 2191 2337 2246 6

67 2270 232 2340 plebis
316 2271 540 2342 primus
603 2271 760 2328 inter
825 2272 1087 2329 homines
1163 2271 1550 2329 nobilissimos
1622 2272 1979 2343 temporibus
2048 2272 2280 2343 optimis

67 2355 240 2415 factus
290 2363 489 2433 esset,
533 2359 777 2430 reliquis
816 2359 1129 2417 honoribus
1175 2376 1289 2416 non
1334 2364 1456 2416 tam
1502 2358 1588 2417 uti
1632 2359 1813 2416 voluit
1857 2376 2028 2430 quam
2073 2359 2281 2432 dignus

68 2445 248 2502 videri.
374 2444 463 2502 Eo
540 2451 778 2503 auctore
849 2447 1012 2504 duxit
1091 2447 1480 2504 honestissimi
1549 2453 1611 2504 et
1675 2447 2085 2519 spectatissimi
2149 2447 2278 2520 viri,

71 2530 121 2587 C.
156 2532 403 2604 Albini,
442 2530 656 2606 filiam,
705 2551 777 2591 ex
814 2551 928 2606 qua
967 2535 1062 2591 hic
1110 2539 1200 2591 est
1242 2551 1389 2606 puer
1435 2541 1498 2592 et
1539 2539 1721 2606 nupta
1765 2535 1882 2592 iam
1910 2531 2044 2593 filia.
2124 2534 2283 2592 Duo-

69 2618 159 2676 bus
224 2621 322 2678 his
384 2622 688 2692 gravitatis
747 2622 1184 2693 antiquissimae
1210 2615 1262 2700 ⁵)
1332 2622 1470 2679 viris
1536 2624 1620 2679 sic
1682 2623 1957 2694 probatus
2009 2621 2118 2679 fuit
2135 2666 2151 2694 ‚
2218 2628 2284 2679 ut

69 2709 284 2780 utrique
350 2717 554 2765 eo'rum
599 2724 766 2766 carus
808 2711 1056 2767 maxime
1096 2715 1156 2767 et
1199 2708 1483 2767 iucundus
1526 2714 1696 2767 esset.
1788 2709 2021 2766 Ademit
2069 2708 2312 2783 Albino·

69 2797 239 2852 soceri
297 2811 520 2852 nomen
573 2812 728 2854 mors
772 2794 927 2855 filiae
945 2842 961 2871 ,
1015 2797 1118 2854 sed
1174 2798 1479 2855 caritatem
1532 2798 1686 2854 illius
1732 2795 2176 2855 necessitudinis
2222 2802 2285 2853 et

67 2879 528 2942 benevolentiam
573 2900 690 2941 non
732 2885 964 2943 ademit.
1057 2884 1244 2942 Hodie
1295 2885 1379 2942 sic
1423 2884 1576 2941 hunc
1622 2884 1826 2958 diligit,
1869 2890 1933 2942 ut
1974 2900 2074 2941 vos
2118 2882 2283 2941 facil-

68 2968 189 3028 lime
249 2971 504 3043 potestis
566 2989 638 3029 ex
695 2972 805 3029 hac
860 2974 953 3031 vel
1014 2971 1367 3030 adsiduitate
1440 2973 1564 3030 eius
1623 2974 1716 3030 vel
1778 2971 2160 3030 sollicitudine
2224 2977 2285 3030 et

67 3060 332 3117 molestia
379 3058 662 3117 iudicare.
752 3059 930 3117 Duxit
967 3060 1212 3118 alteram
1231 3053 1283 3140 ⁶)
1330 3077 1568 3119 uxorem
1612 3066 1781 3134 patre
1827 3061 1956 3118 vivo
1989 3060 2191 3132 Optimi
2213 3065 2285 3117 et
2306 3069 2341 3124 7

198 3323 250 3387 1)
290 3321 384 3374 Sic
419 3318 669 3389 Madvig,
708 3322 771 3374 ut
798 3323 883 3374 est
917 3320 972 3373 in
1011 3320 1151 3375 Gud.
1191 3321 1257 3374 ab
1296 3322 1469 3375 altera
1507 3337 1696 3386 mann;
1732 3324 1829 3376 cet.
1865 3318 2017 3375 codd.
2052 3335 2287 3389 namque

68 3391 143 3442 vel
176 3407 319 3443 nam
360 3391 470 3457 qui.
534 3391 696 3444 Klotz
737 3407 837 3444 scr.
872 3407 1005 3443 nam
1042 3391 1211 3458 qui—
1221 3390 1504 3457 periculo?
1717 3393 1770 3460 2)
1812 3391 1902 3445 Sic
1945 3392 2121 3445 locum
2156 3396 2283 3446 rest.

70 3458 218 3514 Halm
286 3477 356 3514 ex
416 3460 591 3513 Paris.
660 3460 1019 3513 laudandans
1073 3477 1299 3527 quamea
1363 3462 1671 3527 inflammat
1686 3483 1707 3524 ,·
1762 3463 1911 3529 vulg.
1975 3462 2285 3529 laudanda,

71 3545 222 3594 quam
259 3547 346 3592 ea,
384 3546 527 3596 quae
560 3547 641 3583 mc
675 3531 1000 3597 inflammat,
1037 3530 1279 3584 defendit
1302 3532 1375 3584 M.
1417 3533 1586 3584 Hertz
1623 3551 1667 3586 z.
1704 3533 1888 3586 Kritik
1923 3549 1972 3586 V.
2000 3532 2108 3586 Cic.
2136 3533 2285 3587 Rode

71 3601 102 3651 f.
137 3601 278 3655 Sest.
317 3602 543 3670 Leipzig
579 3600 731 3654 1881.
947 3602 1000 3668 3)
1036 3600 1169 3653 haec
1203 3602 1315 3654 cod.
1352 3602 1474 3654 Par.
1687 3604 1744 3669 4)
1783 3603 2017 3669 sapienti
2060 3603 2285 3657 Wesen-

71 3669 210 3740 berg.
435 3673 490 3739 5)
531 3670 617 3723 Sic
654 3688 750 3723 nos
791 3671 1007 3738 scrips.;
1041 3671 1383 3738 yravissimis
1422 3672 1772 3738 antiquitatis
1810 3672 1944 3726 codd
1970 3694 1982 3737 ;
2017 3674 2283 3740 yravissi-

74 3741 162 3793 mis
216 3756 471 3794 summae
532 3758 583 3794 a.
638 3742 966 3810 Mommsen,
1023 3741 1215 3802 Halm3
1267 3741 1610 3809 yravissimis
1665 3744 1927 3810 antiquae
1978 3744 2284 3796 severitatis

74 3808 286 3872 Eberh.;
323 3810 634 3878 yravissim.
675 3811 1027 3878 antiquitatis
1064 3812 1211 3878 vulg.
1375 3812 1428 3878 6)
1469 3812 1560 3865 Sic
1595 3813 1794 3867 Schiitz
1807 3854 1820 3877 ‚
1861 3813 2094 3865 alteram
2130 3814 2285 3867 deest

74 3878 121 3930 111
157 3881 346 3944 codd.,
383 3881 583 3935 iterum
614 3881 734 3934 add.
775 3882 1102 3946 Mommsen,
1140 3881 1375 3934 alteram
1410 3881 1460 3935 d.
1500 3899 1597 3935 ux.
1636 3884 1817 3937 Halm.
