2669 4354
22 188 31 417 '
748 254 864 294 Pno
906 254 960 294 T.
1006 253 1196 294 Amo
1239 255 1488 295 mmmm.
2105 240 2229 300 175

22 426 29 505 ζ
86 429 234 497 stupro
252 418 297 504 ¹)
348 426 620 487 iudicium
679 429 1035 488 decernendi
1092 429 1318 488 senatui
1363 433 1620 502 potestas
1665 435 1820 489 esset
1865 436 2098 506 erepta,
2157 431 2232 491 de

20 508 29 613 f
84 512 167 569 eius
212 513 445 572 interitu
497 518 624 588 quis
690 522 883 589 potest
944 517 1186 575 credere
1229 521 1494 575 senatum
1538 517 1812 575 iudicium
1850 535 2057 577 novum
2096 535 2229 577 con·

20 616 29 643 ι
80 601 365 660 stituendum
424 609 701 676 putasse?
794 604 912 662 Cur
966 606 1142 679 igitur
1184 605 1514 663 incendium
1558 606 1754 665 curiae
1772 651 1787 680 ,
1846 608 2232 680 oppugnatio-

20 646 29 753 ἔ
78 704 171 744 nem
207 690 419 747 aedium
462 692 543 749 M.
591 692 825 766 Lepidi,
867 693 1106 752 caedem
1151 694 1299 750 hanc
1346 694 1530 767 ipsam
1564 701 1762 752 contra
1790 711 1915 752 rem
1942 694 2230 766 publicam

20 758 27 853 Ξ
77 782 253 834 senatus
312 778 526 837 factam
588 797 715 839 csse
777 781 1076 839 decrevit?
1177 780 1325 851 Quia
1384 781 1547 839 nulla
1592 783 1677 840 vis
1723 793 1992 855 umquam
2034 787 2125 839 est
2168 783 2230 840 in

20 868 21 943 J
74 862 210 921 libera
268 867 497 926 civitate
559 874 833 942 suscepta
890 869 1045 927 inter
1103 869 1258 927 cives
1317 886 1436 927 non
1495 875 1698 928 contra
1748 886 1872 927 rem
1917 870 2227 942 publicam.

20 960 21 989 ἒ
72 950 163 1008 Non
217 955 358 1011 enim
418 960 508 1013 est
562 956 665 1015 illa
725 955 988 1014 defensio
1033 963 1238 1015 contra
1296 957 1414 1015 vim
1468 974 1734 1029 umquam
1783 957 2063 1032 optanda,
2125 957 2229 1016 sed
2250 961 2331 1019 14

70 1054 148 1096 non
204 1058 505 1114 numquam
579 1048 668 1102 est
724 1046 1087 1103 necessaria:
1150 1045 1260 1101 nisi
1319 1060 1459 1102 vero
1519 1049 1624 1102 aut
1684 1046 1779 1104 ille
1826 1046 1980 1119 dieS,
2038 1062 2151 1118 quo
2176 1040 2229 1125 2)

71 1125 130 1182 Τ1.
167 1127 443 1188 Gracchus
508 1137 593 1189 est
658 1148 894 1206 caesuS,
956 1138 1055 1190 aut
1110 1133 1239 1207 ille,
1305 1147 1420 1204 quo
1467 1131 1640 1190 Caius
1661 1178 1677 1207 ,
1746 1138 1847 1191 aut
1906 1150 2020 1206 quo
2066 1150 2229 1193 arma

71 1211 327 1292 Saturnini,
392 1219 619 1277 etiamsi
682 1235 715 1276 e
774 1238 840 1279 re
900 1219 1162 1294 publica,
1224 1236 1503 1293 oppressa
1544 1228 1707 1294 sunt,
1764 1238 1891 1280 rem
1934 1220 2228 1295 publicam

22 1328 29 1375 1
69 1305 217 1362 tamen
256 1322 366 1364 non
411 1307 789 1366 volnerarunt
811 1302 881 1388 8).
956 1307 1163 1380 Itaque
1207 1324 1314 1379 ego
1356 1308 1479 1380 ipse
1512 1307 1780 1383 decrevi,
1828 1325 1955 1367 cum
1986 1309 2225 1369 caedem
2245 1304 2288 1372 6

20 1389 106 1477 gin
135 1391 299 1463 Appia
357 1392 571 1453 factam
632 1411 759 1453 esse
820 1401 1142 1469 constaret,
1201 1412 1317 1453 non
1358 1411 1523 1470 eum,
1595 1397 1692 1469 qui
1742 1413 1805 1454 se
1852 1396 2227 1472 defendisset,

22 1478 29 1553 ξ
67 1483 218 1536 contra
256 1499 378 1540 rem
424 1481 719 1556 publicam
768 1482 976 1542 fecisse
1000 1528 1014 1556 ,
1068 1484 1202 1558 sed,
1264 1496 1395 1541 cum
1441 1485 1702 1543 inessent
1724 1478 1779 1564 4)
1826 1485 1886 1542 in
1931 1501 1996 1543 re
2033 1486 2120 1543 vis
2168 1491 2230 1545 et

22 1556 283 1642 insidiae,
366 1572 588 1628 crimen
662 1571 874 1629 iudicio
932 1573 1256 1645 reservavi,
1330 1588 1453 1629 rem
1527 1573 1739 1631 notavi.
1851 1572 2064 1644 Quodsi
2122 1589 2231 1646 per

24 1648 283 1757 ,furiosum
362 1658 532 1716 illum
622 1659 916 1717 tribunum
984 1660 1249 1732 senatui,
1328 1659 1480 1732 quod
1546 1661 1868 1732 sentiebat,
1942 1658 2228 1734 perficere

22 1738 297 1831 ificmsset,
383 1762 591 1804 novam
670 1748 1064 1819 quaest-ionem
1131 1748 1353 1806 nullam
1420 1747 1797 1823 haberemus3
1873 1748 2229 1807 decernebat

22 1836 31 1925 ξ
67 1828 199 1904 enim,
248 1839 307 1891 ut
364 1835 665 1893 veteribus
728 1835 954 1909 legibus
971 1881 986 1909 ,
1055 1841 1280 1893 tantum
1322 1835 1491 1894 modo
1538 1842 1703 1893 extra
1746 1835 2007 1894 ordinem
2053 1853 2228 1910 quae·

22 1924 259 1999 iteretur.
345 1921 552 1980 Divisa
622 1924 916 1981 sententia
977 1928 1066 1983 est
1129 1924 1460 1996 postulante
1528 1924 1723 1982 nescio
1781 1941 1893 1996 quo
1957 1957 2033 1965 —-
2085 1924 2229 1982 nihil

69 2004 178 2060 enim
235 2025 471 2068 necesse
535 2017 625 2068 est
674 2012 926 2068 omnium
984 2029 1077 2070 me
1140 2009 1364 2083 flagitia
1405 2011 1667 2084 proferre
1714 2034 1830 2086 ——3
1875 2012 1959 2070 sic
2000 2012 2229 2085 reliqua

67 2096 319 2154 auctoritas
361 2102 602 2155 senatus
645 2104 840 2171 empta
883 2100 1297 2157 intercessione
1346 2098 1575 2158 sublata
1620 2104 1725 2157 est.

20 2233 27 2248 ,
191 2183 261 2241 At
303 2188 457 2243 enim
507 2185 609 2246 Cn.
653 2186 966 2261 Pompeius
1011 2189 1316 2261 rogatione
1365 2204 1473 2247 sua
1519 2195 1581 2247 et
1622 2188 1695 2247 de
1740 2205 1808 2248 re
1852 2193 1913 2246 et
1947 2188 2020 2247 de
2052 2204 2229 2247 causa
2249 2190 2329 2250 15

22 2281 25 2348 ᾗ
65 2265 315 2347 iudicavit3
391 2275 527 2331 tulit
585 2276 739 2332 enim
785 2274 857 2334 de
905 2275 1113 2354 caede,
1181 2291 1330 2349 quae
1376 2277 1437 2334 in
1478 2276 1669 2350 Appia
1713 2276 1807 2335 via
1849 2273 2008 2335 facta
2055 2282 2227 2350 esset,

20 2351 104 2438 3in
157 2374 256 2429 qua
319 2361 382 2420 P.
450 2361 687 2420 Clodius
738 2365 961 2421 occisus
1025 2369 1196 2422 esset.
1288 2363 1438 2434 Quid
1501 2381 1637 2436 ergo
1682 2365 1857 2422 tulit?
1910 2380 2117 2437 nempe
2164 2369 2229 2423 ut

20 2443 399 2546 {quaereretun
508 2450 657 2521 Quid
722 2468 893 2522 porro
965 2451 1361 2524 quaerendum
1420 2455 1552 2510 est?
1629 2450 1921 2510 factumne
1989 2453 2103 2511 sit?
2167 2457 2231 2511 at

26 2585 27 2588 ,
67 2537 249 2591 constat.
335 2539 386 2595 A
434 2554 548 2609 quo
567 2540 596 2595 ⁴?
655 2545 717 2596 at
755 2544 926 2611 paret
947 2533 1015 2620 ⁵).
1105 2539 1266 2597 Vidit
1308 2540 1488 2611 igitur
1539 2540 1714 2598 etiam
1757 2541 1818 2597 in
1864 2537 2227 2600 confessione

69 2613 169 2675 facti
207 2623 340 2680 iuris
385 2630 584 2684 tamen
631 2624 1026 2685 defensionem
1069 2628 1282 2699 suscipi
1326 2643 1512 2700 posse.
1604 2627 1767 2698 Quod
1811 2627 1925 2685 nisi
1969 2627 2226 2702 vidisset,

63 2718 184 2771 Posse
242 2712 459 2770 absolvi
526 2730 689 2786 eum,
787 2716 886 2785 qui
951 2712 1270 2788 fateretur,
1365 2732 1495 2772 cum
1560 2715 1787 2774 videret
1852 2732 1955 2773 nos
2032 2714 2225 2786 fateri,

63 2805 204 2864 neque
260 2802 464 2871 quaeri
531 2818 799 2873 umquam
844 2803 1143 2876 iussisset,
1205 2819 1315 2861 nec
1361 2803 1522 2860 vobis
1566 2809 1686 2861 tam
1725 2802 1874 2861 hanc
1915 2804 2224 2861 salutarem

64 2875 103 2932 in
149 2883 439 2946 iudicando
496 2888 753 2946 litteram
814 2907 986 2962 quam
1044 2891 1205 2948 illam
1261 2892 1489 2948 tristem
1533 2889 1805 2949 dedisset.
1894 2890 2041 2948 Mihi
2086 2907 2227 2949 vero

65 2961 136 3023 Cn.
171 2969 467 3047 Pompeius
513 2993 629 3034 non
670 2977 839 3035 modo
884 2978 1029 3035 nihil
1071 2979 1306 3052 gravius
1353 2983 1555 3037 contra
1595 2979 1877 3036 Milonem
1922 2978 2227 3052 iudicasse,

61 3081 409 3101 κῇ.

161 3155 206 3222 1)
241 3156 416 3212 Schol.
455 3159 592 3212 Bob.
629 3158 868 3225 moestu,
910 3159 1054 3228 quod
1089 3159 1284 3228 probat
1320 3161 1440 3213 Rau
1476 3159 1655 3214 deleto
1690 3165 1897 3228 stupro,
2042 3161 2096 3229 2)
2137 3161 2226 3215 Sic

60 3215 218 3289 Lamb.;
265 3228 319 3280 in
354 3228 509 3282 libris
549 3229 723 3283 estin
759 3243 879 3296 quc.
1094 3231 1148 3296 3)
1207 3229 1295 3283 Sic
1336 3229 1490 3283 codd.
1540 3233 1684 3301 opt.;
1745 3232 2226 3298 interpunctionem

61 3295 149 3367 pqst
178 3310 228 3347 re
253 3299 478 3363 publica
512 3300 690 3367 posuit
724 3300 1013 3353 Eberhard.
1087 3300 1339 3369 Madvig:
1392 3305 1493 3352 aut
1529 3317 1690 3354 arma
1740 3300 2043 3355 Saturnini
2092 3318 2222 3366 non,

61 3362 224 3417 etmmsi
256 3383 281 3419 e
322 3385 381 3420 re
420 3370 572 3436 publ.
611 3386 874 3437 oppressa
920 3376 1076 3436 sunt,
1136 3386 1247 3423 rem
1288 3369 1574 3438 publicam
1620 3378 1800 3425 tamen
1843 3372 2223 3427 vulnerarunt.

60 3425 209 3507 Bakius
240 3438 292 3489 in
329 3440 433 3494 Cic.
472 3441 641 3509 Legg.
680 3459 731 3511 p.
760 3442 878 3495 613.
917 3445 1018 3493 aut
1053 3456 1192 3508 quae
1228 3457 1387 3493 arma
1419 3440 1794 3495 Saturninum
1825 3450 2223 3509 oppresserwnt,

61 3503 226 3557 ettamen:
263 3524 288 3560 e
329 3509 636 3577 republica,
687 3527 797 3563 rem
839 3510 996 3579 publ.
1035 3518 1214 3565 tamen
1248 3528 1364 3565 non
1399 3512 1779 3565 vulnerarunt.
1865 3511 2074 3579 Kayser
2120 3520 2225 3569 aut

61 3581 133 3630 Quo
162 3591 304 3630 arma
331 3578 385 3633 S.
426 3595 687 3647 oppressa
722 3587 878 3642 sunt,
917 3581 1081 3635 etiam
1119 3598 1145 3634 e
1177 3599 1237 3635 re
1261 3598 1321 3650 p.
1361 3597 1620 3648 oppressa
1656 3588 1787 3637 sunt
1821 3586 1923 3637 cet.
1961 3582 2092 3637 Wex
2127 3590 2227 3639 aut

61 3651 263 3723 OPPqusa
295 3665 428 3704 arm.
455 3649 643 3705 Satur.
715 3651 893 3705 Verba
926 3667 1041 3704 non
1076 3651 1218 3705 enim
1252 3685 1321 3693 —
1357 3652 1667 3705 necessaria
1704 3657 1828 3721 post
1861 3653 2227 3708 vulnerarunt

61 3717 197 3770 posmt
223 3715 427 3774 Linker.
623 3722 680 3788 4)
717 3720 917 3776 Erfurt.
956 3721 1065 3776 cod.
1101 3721 1368 3789 messent3
1405 3722 1605 3778 &nesse-t
1642 3724 1827 3778 Baiter
1864 3740 1926 3778 ex
1964 3725 2220 3793 Tegerns.

62 3779 98 3829 et
132 3782 248 3840 aliis.
404 3792 461 3859 5)
509 3790 598 3845 Sic
634 3790 800 3845 schol.
838 3791 995 3857 Bob.;
1048 3791 1200 3847 codd.
1250 3794 1338 3847 vel
1373 3800 1606 3861 apparet
1641 3794 1743 3864 vell
1779 3800 1838 3848 at
1874 3800 2106 3863 apparet
2136 3796 2224 3849 vel
