2669 4354
384 186 465 244 56
1387 201 1605 242 ORATIO

2433 273 2595 280 ...—

383 374 730 447 exploravit,
791 374 854 431 in
922 373 1250 433 Sardiniam
1273 367 1324 455 ¹)
1392 391 1524 432 cum
1579 375 1764 432 classe
1827 374 1990 432 venit
2049 380 2228 447 atque
2281 373 2427 433 11366
2487 375 2598 433 tria

381 461 766 520 frumentaria
825 461 1085 521 subsidia
1144 463 1232 520 rei
1290 462 1563 536 publicae
1627 460 1966 520 firmissimis
2042 461 2347 536 praesidiis
2408 462 2597 522 classi-

279 545 361 604 35
380 550 605 623 busque
673 550 935 608 munivit.
1038 549 1182 610 Inde
1240 567 1372 608 cum
1429 566 1492 609 se
1548 551 1612 607 in
1672 550 1905 609 Italiam
1961 551 2309 624 recepisset,
2377 551 2597 609 duabus

379 637 678 711 Hispaniis
736 642 798 696 et
851 637 1044 697 Gallia
1105 637 1464 710 transalpina
1490 631 1543 719 ²)
1602 637 1908 710 praesidiis
1975 654 2045 696 ac
2100 637 2346 697 navibus
2399 637 2596 698 confir-

380 732 536 784 mata
551 771 566 800 ,
612 726 800 783 missis
844 727 986 784 item
1029 725 1092 784 in
1137 743 1298 784 oram
1344 725 1560 799 Illyrici
1602 726 1777 784 maris
1825 731 1885 785 et
1929 726 1988 783 in
2026 725 2304 785 Achaiam
2348 744 2597 786 omnem-

379 830 492 886 que
554 812 865 872 Graeciam
929 813 1202 888 navibuS,
1279 813 1487 873 Italiae
1566 814 1682 872 duo
1747 813 1931 872 maria
1991 814 2254 872 maximis
2322 814 2595 874 classibus

377 900 832 974 firmissimisque
877 901 1186 976 praesidiis
1229 901 1531 959 adornavit
1546 947 1561 976 ,
1607 902 1735 976 ipse
1776 906 1972 960 autem
2006 906 2075 959 ut
2113 901 2425 961 Brundisio
2468 921 2593 977 pro·

377 989 565 1048 fectus
624 994 715 1047 est
730 1035 746 1064 ,
804 989 1438 1063 undequinquagesimo
1498 989 1594 1050 die
1653 995 1834 1048 totam
1898 989 1973 1048 ad
2032 990 2340 1063 imperium
2403 993 2595 1064 populi

375 1077 622 1136 Romani
669 1075 932 1136 Ciliciam
977 1077 1268 1136 adiunxit:
1311 1094 1508 1137 omnes
1526 1123 1541 1153 ,
1586 1079 1687 1152 qui
1723 1077 1941 1151 ubique
1985 1078 2309 1152 praedones
2342 1077 2594 1153 fuerunt,

375 1167 586 1239 partim
643 1166 801 1239 capti
843 1165 1256 1239 interfectique
1302 1171 1463 1240 sunt,
1529 1168 1740 1239 partim
1801 1166 1977 1224 unius
2024 1167 2199 1225 huius
2246 1184 2309 1226 se
2355 1167 2593 1241 imperio

377 1271 446 1312 ac
506 1254 790 1327 potestati
834 1253 1202 1312 dediderunt.
1290 1253 1455 1312 Idem
1498 1253 1905 1328 Cretensibus,
1946 1271 2078 1312 cum
2123 1255 2196 1313 ad
2230 1272 2379 1313 eum
2413 1273 2593 1330 usque

374 1343 437 1400 in
475 1341 872 1415 Pamphyliam
909 1343 1135 1415 legatos
1186 1343 1712 1416 deprecatoresque
1740 1342 2057 1413 misissent,
2096 1359 2258 1416 spem
2289 1344 2593 1403 deditionis

374 1447 493 1489 non
537 1429 754 1487 ademit
798 1429 1141 1503 obsidesque
1185 1430 1505 1503 imperavit.
1596 1432 1688 1489 Ita
1732 1436 1957 1489 tantum
2003 1430 2223 1489 bellum
2240 1477 2256 1504 ,
2300 1437 2419 1491 tam
2471 1432 2592 1490 diu-

375 1523 640 1592 turnum,
700 1523 820 1576 tam
876 1518 1047 1590 longe
1100 1519 1339 1591 lateque
1395 1518 1747 1592 dispersum,
1793 1535 1909 1591 quo
1953 1519 2107 1578 bello
2154 1536 2353 1579 omnes
2394 1527 2593 1595 gentes

375 1623 444 1664 ac
500 1606 764 1664 nationes
808 1605 1242 1681 premebantur,
1304 1608 1405 1666 Cn.
1453 1607 1767 1680 Pompeius
1816 1613 2075 1666 extrema
2119 1608 2308 1667 hieme
2356 1609 2594 1682 adpara-

371 1695 480 1768 vit,
525 1694 767 1752 ineunte
813 1711 951 1753 vere
992 1695 1275 1769 suscepit,
1319 1694 1512 1755 media
1557 1700 1782 1754 aestate
1828 1695 2096 1753 confecit.

259 1772 348 1840 13
545 1782 653 1840 Est
693 1783 842 1840 haec
886 1781 1082 1841 divina
1111 1788 1288 1856 atque
1318 1782 1676 1842 incredibilis
1705 1785 1890 1842 virtus
1920 1783 2304 1856 imperatoris.
2395 1785 2594 1854 Quid?

266 1869 346 1926 36
370 1876 603 1929 ceterae
621 1915 636 1944 ,
676 1887 821 1943 quas
865 1872 1043 1944 paulo
1090 1876 1226 1929 ante
1257 1888 1707 1931 commemorare
1740 1887 2065 1946 coeperam,
2113 1876 2366 1944 quantae
2414 1879 2586 1946 atque

365 1975 542 2032 quam
585 1958 806 2017 multae
852 1960 1017 2017 sunt!
1108 1959 1240 2018 Non
1286 1961 1441 2018 enim
1480 1959 1735 2018 bellandi
1780 1959 1963 2018 virtus
2031 1960 2216 2019 solum
2262 1960 2323 2017 in
2368 1977 2586 2019 summo

365 2063 435 2105 ac
491 2044 751 2120 perfecto
803 2047 1156 2120 imperatore
1215 2047 1555 2120 quaerenda
1612 2053 1733 2122 est,
1800 2047 1901 2106 sed
1962 2049 2180 2107 multae
2238 2053 2374 2106 sunt
2436 2053 2584 2107 artes

363 2135 610 2194 eximiae
676 2134 851 2193 huius
923 2134 1297 2195 administrae
1376 2136 1730 2211 comitesque
1816 2136 2063 2195 virtutis
2181 2138 2269 2196 Ac
2339 2137 2586 2210 primum

360 2228 581 2297 quanta
631 2222 964 2282 innocentia
1032 2222 1249 2283 debent
1311 2241 1441 2284 esse
1499 2226 1911 2299 imperatoreS,
1975 2231 2195 2300 quanta
2253 2224 2469 2285 deinde
2531 2228 2585 2284 in

361 2310 630 2370 omnibus
675 2310 852 2369 rebus
882 2314 1286 2389 temperantia,
1337 2318 1560 2387 quanta
1589 2312 1722 2387 fide,
1768 2318 1990 2386 quanta
2018 2313 2323 2387 facilitate,
2370 2321 2585 2386 quanto

360 2400 626 2473 ingenio,
689 2404 908 2472 quanta
962 2399 1360 2460 humanitate!
1436 2417 1586 2474 quae
1643 2400 1903 2460 breviter
1959 2402 2157 2476 qualia
2219 2403 2335 2459 sint
2379 2402 2445 2459 in
2493 2402 2584 2461 Gn.

360 2487 638 2561 Pompeio
699 2487 1155 2562 consideremus;
1210 2505 1434 2548 summa
1490 2490 1643 2548 enim
1688 2489 1882 2547 omnia
1926 2496 2088 2564 sunt,
2148 2490 2404 2561 Quirites
2421 2535 2435 2562 ,
2493 2490 2586 2550 sed

365 2591 438 2633 ea
495 2576 681 2648 magis
739 2591 810 2632 ex
869 2576 1114 2634 aliorum
1170 2578 1542 2636 contentione
1598 2594 1772 2650 quam
1828 2578 1957 2650 ipsa
2000 2596 2108 2651 per
2150 2594 2280 2637 sese
2323 2578 2586 2652 cognosci

264 2663 344 2719 37
366 2668 542 2736 atque
587 2663 852 2735 intellegi
888 2669 1144 2736 possunt.
1235 2667 1423 2737 Quem
1470 2666 1624 2723 enim
1680 2666 2093 2737 imperatorem
2126 2683 2432 2739 possumus
2473 2667 2585 2725 ullo

366 2753 430 2809 in
480 2767 721 2810 numero
773 2756 1011 2826 putare,
1068 2753 1234 2812 cuius
1293 2754 1357 2811 in
1405 2753 1670 2812 exercitu
1716 2755 2077 2812 centuriatus
2112 2761 2365 2813 veneant
2414 2760 2585 2828 atque

367 2840 700 2898 venierint?
778 2839 919 2911 quid
985 2840 1140 2909 hunc
1207 2842 1499 2900 hominem
1555 2858 1826 2915 magnum
1905 2848 2011 2900 aut
2077 2844 2329 2915 amplum
2389 2842 2467 2901 de
2526 2857 2585 2899 re

367 2927 601 3002 publica
678 2928 935 3001 cogitare
953 2973 968 3002 ,
1042 2930 1143 3002 qui
1217 2930 1527 3004 pecuniam
1604 2946 1675 2988 ex
1754 2931 1983 2989 aerario
2059 2930 2458 3004 depromptam
2519 2930 2586 2988 ad

367 3016 588 3076 bellum
643 3014 1158 3074 administrandum
1217 3023 1318 3076 aut
1376 3024 1613 3091 propter
1665 3018 2043 3091 cupiditatem
2086 3019 2417 3092 provinciae
2475 3034 2585 3077 ma-

371 3103 710 3179 gistratibus
775 3104 1038 3163 diviserit
1098 3110 1201 3164 aut
1256 3111 1495 3179 propter
1552 3106 1860 3165 avaritiam
1923 3107 2141 3166 Romae
2209 3108 2271 3165 in
2341 3112 2586 3179 quaestu

369 3192 716 3265 reliquerit?
804 3192 1042 3251 >Vestra
1123 3193 1582 3252 admurmuratio
1652 3185 1817 3269 facit,
1918 3194 2202 3268 QuiriteS,
2271 3200 2340 3252 ut
2413 3210 2586 3269 agno-

369 3296 535 3338 scere
598 3279 940 3355 videamini,
1006 3282 1107 3353 qui
1172 3281 1318 3340 haec
1369 3280 1649 3340 fecerint:
1719 3299 1826 3357 ego
1873 3287 2071 3341 autem
2121 3284 2355 3341 nomino
2407 3283 2585 3339 nemi-

367 3384 528 3441 nem,
594 3384 775 3440 quare
842 3368 1016 3427 irasci
1077 3369 1215 3427 mihi
1282 3386 1452 3428 nemo
1505 3371 1745 3444 poterit,
1811 3371 1924 3428 nisi
1977 3371 2076 3443 qui
2126 3376 2259 3429 ante
2278 3366 2328 3446 ³)
2390 3370 2466 3430 de
2526 3386 2583 3427 se

367 3456 617 3515 voluerit
679 3455 956 3514 confiteri.
1056 3458 1263 3531 Itaque
1321 3462 1561 3531 propter
1615 3458 1765 3517 hanc
1829 3459 2131 3517 avaritiam
2172 3459 2584 3533 imperatorum

545 3688 599 3748 1)
639 3686 730 3740 Sic
768 3688 1066 3752 Hotoman,
1103 3689 1283 3757 Halm,
1322 3688 1629 3744 Eberhard:
1665 3688 1792 3743 inde
1831 3689 1994 3744 δακνά.
2034 3690 2185 3745 codd.
2328 3690 2381 3756 2)
2419 3689 2581 3743 Codd.

367 3756 501 3811 dett.
548 3757 854 3826 cisalpina,-
897 3761 1186 3829 utrumque
1227 3778 1255 3813 e
1292 3761 1620 3829 glossemate
1679 3764 1856 3815 ortum
1897 3778 2013 3815 esse
2056 3760 2262 3816 iudicat
2306 3760 2581 3814 Garatoni.

368 3829 422 3895 3)
457 3834 644 3899 aperte
684 3829 922 3886 Richter.
