2669 4354
418 434 484 486 ut
527 431 775 500 pecunia
818 431 1177 504 fortunisque
1222 435 1433 489 nostris
1473 439 1776 491 contentus
1821 435 1927 507 sit,
1974 434 2311 504 sanguinem
2358 434 2426 486 et
2471 428 2592 484 vita

420 534 494 573 ne
557 522 744 589 petat3
823 518 1034 577 deinde
1095 536 1131 576 a
1172 520 1364 593 vobiS,
1433 522 1686 594 iudiceS,
1754 529 1819 580 ut
1876 521 2182 579 audacium
2239 516 2463 575 sceleri
2510 513 2626 571 resi·

420 605 611 677 statiS,
674 606 1068 663 innocentium
1124 609 1515 666 calamitatem
1577 610 1786 666 levetis
1833 615 1893 667 et
1937 610 1998 666 in
2044 623 2219 666 causa
2266 607 2400 664 Sex.
2453 599 2626 659 Roscii

361 693 765 766 Spericulum,
822 695 975 766 quod
1020 695 1082 752 in
1127 711 1326 752 omnes
1371 697 1720 770 intenditur,
1778 697 2147 772 propulsatis,
2240 692 2410 762 Quod
2455 691 2508 746 si
2553 692 2625 744 aut

419 796 597 836 causa
659 781 915 838 criminis
986 787 1088 839 aut
1157 782 1300 839 facti
1366 785 1615 855 suspicio
1691 790 1793 842 aut
1865 784 2158 856 quaelibet
2233 780 2497 849 denique
2560 773 2626 830 vel

418 867 655 924 minima
721 884 816 926 res
870 871 1230 943 reperietur,
1298 888 1469 941 quam
1538 872 1609 929 ob
1668 889 1794 929 rem
1855 872 2162 929 videantur
2206 869 2294 924 illi
2338 882 2469 922 non
2511 861 2624 920 nihil

416 960 615 1011 tamen
667 956 730 1011 in
795 957 1112 1014 deferendo
1174 959 1409 1014 nomine
1472 960 1683 1032 secuti,
1751 965 2044 1031 postremo
2105 959 2154 1014 si
2212 959 2464 1028 praeter
2525 966 2623 1007 eam

415 1043 720 1115 praedam,
787 1060 959 1116 quam
1025 1045 1175 1117 dixi,
1246 1047 1553 1116 quicquam
1618 1047 1772 1104 aliud
1824 1063 2033 1104 causae
2088 1043 2472 1113 inveneritis,
2541 1052 2624 1093 non

417 1146 783 1204 recusamus,
850 1133 989 1202 quin
1048 1133 1281 1189 illorum
1342 1133 1569 1190 libidini
1616 1133 1743 1191 Sex.
1789 1134 1986 1191 Roscii
2041 1134 2161 1191 vita
2217 1130 2506 1198 dedatur3
2564 1124 2623 1180 sin

418 1217 572 1274 aliud
633 1219 823 1290 agitur
867 1220 1039 1293 nihil,
1101 1220 1217 1276 nisi
1273 1226 1338 1277 ut
1391 1221 1461 1277 iis
1515 1237 1590 1277 ne
1638 1222 1775 1293 quid
1822 1223 1998 1294 desit,
2063 1219 2271 1292 quibus
2312 1216 2469 1274 satis
2512 1208 2624 1268 nihil

417 1310 533 1378 est,
589 1306 639 1361 si
693 1307 800 1363 hoc
861 1308 1043 1363 solum
1104 1308 1214 1364 hoc
1267 1314 1528 1379 tempore
1573 1314 1895 1382 pugnatur,
1957 1315 2020 1365 ut
2068 1308 2142 1365 ad
2188 1308 2353 1362 illam
2404 1303 2623 1374 opimam

413 1393 887 1465 praeclaramque
965 1394 1248 1467 praedam
1333 1395 1629 1454 damnatio
1698 1398 1827 1455 Sex.
1894 1396 2088 1454 Roscii
2155 1395 2317 1450 velut
2392 1388 2624 1447 cumulus

415 1479 685 1537 accedat:
744 1498 936 1539 nonne
997 1499 1126 1539 cum
1172 1484 1356 1540 multa
1399 1483 1668 1557 indigna,
1727 1490 1844 1541 tum
1893 1486 1984 1541 vel
2027 1484 2139 1540 hoc
2184 1478 2624 1551 indignissimum

416 1573 532 1640 est,
585 1584 691 1625 vos
751 1569 992 1628 idoneos
1059 1571 1316 1643 habitos,
1378 1587 1485 1641 per
1545 1588 1783 1642 quorum
1829 1572 2149 1628 sententias
2195 1569 2415 1638 iusque
2466 1566 2624 1621 iuran-

414 1654 550 1711 dum
617 1656 675 1712 id
733 1657 1157 1730 adsequantur,
1219 1657 1371 1728 quod
1429 1664 1603 1715 antea
1662 1660 1772 1730 ipsi
1823 1660 2047 1716 scelere
2096 1662 2156 1714 et
2197 1655 2363 1712 ferro
2415 1645 2624 1719 adsequi

413 1751 840 1802 consueverant
864 1740 958 1824 1)‘?
1071 1745 1182 1814 Qui
1249 1762 1323 1802 ex
1391 1747 1624 1803 civitate
1692 1747 1751 1801 in
1821 1751 2086 1803 senatum
2153 1748 2404 1815 propter
2473 1735 2624 1810 digni·

412 1835 621 1903 tatem,
684 1849 756 1888 ex
820 1838 1026 1889 senatu
1085 1833 1146 1888 in
1195 1832 1305 1888 hoc
1354 1834 1653 1889 consilium
1701 1833 1914 1890 delecti
1961 1834 2099 1889 estis
2141 1835 2394 1903 propter
2443 1822 2626 1885 severi·

411 1923 620 1990 tatem,
675 1919 747 1975 ab
809 1921 898 1976 his
948 1921 1058 1976 hoc
1112 1921 1412 1990 postulare
1459 1921 1717 1977 homines
1763 1921 2001 1977 sicarios
2050 1926 2224 1990 atque
2274 1916 2623 1989 gladiatores,

410 2022 528 2063 non
585 2006 753 2063 modo
818 2014 882 2063 ut
940 2008 1229 2077 supplicia
1273 2007 1491 2078 vitent,
1550 2024 1696 2078 quae
1747 2025 1782 2065 a
1826 2008 1987 2064 vobis
2030 2023 2135 2078 pro
2181 2002 2498 2061 maleficiis
2543 1997 2626 2056 suis

409 2098 670 2150 metuere
732 2100 905 2165 atque
964 2095 1210 2150 horrere
1274 2093 1520 2166 debent,
1578 2111 1777 2151 verum
1835 2096 2012 2151 etiam
2068 2099 2136 2149 ut
2192 2093 2403 2162 spoliis
2448 2107 2519 2147 ex
2553 2087 2626 2143 hoc

411 2182 626 2238 iudicio
672 2184 862 2238 ornati
910 2183 1186 2252 auctique
1234 2181 1573 2239 discedant?
2083 2234 2106 2253 ,

345 2265 394 2327 4
589 2269 695 2324 His
741 2269 814 2325 de
869 2268 1049 2325 rebus
1097 2270 1278 2325 tantis
1323 2274 1555 2339 tamque
1598 2269 1887 2326 atrocibus
1933 2284 2123 2338 neque
2170 2269 2323 2324 satis
2371 2285 2467 2325 me
2513 2277 2626 2321 com·

337 2358 385 2412 ·9
408 2355 581 2412 mode
650 2355 847 2413 dicere
908 2372 1104 2426 neque
1163 2357 1305 2412 satis
1371 2356 1629 2425 graviter
1688 2356 1965 2426 conqueri
2018 2371 2211 2425 neque
2267 2356 2420 2412 satis
2477 2352 2625 2410 libere

406 2442 717 2500 vociferari
762 2459 936 2514 posse
980 2444 1283 2514 intellego,
1374 2443 1525 2498 Nam
1569 2442 1955 2499 commoditati
2002 2443 2349 2515 ingenium,
2391 2432 2626 2515 gravitati

406 2534 595 2602 aetaS,
638 2530 903 2587 libertati
946 2535 1215 2600 tempora
1259 2535 1393 2584 sunt
1430 2529 1855 2598 impedimento,
1948 2529 2077 2585 Huc
2124 2530 2367 2587 accedit
2413 2536 2626 2586 summus

404 2618 606 2690 timor,
676 2633 849 2689 quem
918 2617 1065 2673 mihi
1123 2621 1337 2672 natura
1395 2615 1691 2686 pudorque
1748 2633 1910 2672 meus
1971 2617 2277 2689 attribuit,
2354 2623 2417 2674 et-
2474 2618 2627 2672 vestra

404 2704 657 2776 dignitas
705 2710 766 2761 et
810 2705 898 2761 vis
948 2703 1421 2761 adversariorum
1455 2707 1515 2758 et
1543 2701 1671 2760 Sex.
1702 2701 1898 2759 Roscii
1928 2704 2212 2775 pericula.
2298 2706 2628 2776 Quapropter

402 2809 504 2849 vos
547 2808 649 2850 oro
695 2798 872 2863 atque
917 2792 1193 2860 obsecro,
1255 2788 1510 2860 iudices,
1572 2794 1638 2844 ut
1700 2794 1922 2847 attente
1983 2791 2255 2861 bonaque
2323 2808 2457 2849 cum
2498 2785 2628 2846 venia

302 2880 383 2936 10
402 2880 582 2936 verba
629 2895 762 2936 mea
804 2877 1082 2935 audiatis.
1174 2876 1321 2932 Fide
1370 2875 1768 2946 sapientiaque
1813 2882 2012 2933 vestra
2053 2877 2245 2934 fretus
2297 2881 2431 2951 plus
2478 2870 2629 2934 oneris

401 2968 641 3042 sustuli,
711 2982 889 3037 quam
945 2964 1109 3020 ferre
1160 2979 1252 3018 me
1316 2978 1483 3032 posse
1542 2962 1834 3032 intellego.
1926 2965 2055 3021 Hoc
2120 2981 2271 3022 onus
2321 2968 2374 3023 si
2421 2983 2520 3022 vos
2559 2958 2629 3016 ali·

400 3071 513 3125 qua
561 3071 635 3109 ex
672 3061 845 3125 parte
896 3049 1275 3120 adlevabitiS,
1338 3048 1549 3120 feram,
1606 3055 1670 3104 ut
1713 3055 1946 3123 poter0,
2008 3050 2206 3108 studio
2255 3061 2323 3111 et
2367 3049 2630 3114 industria,

399 3141 650 3197 iudices:
700 3141 792 3195 sin
842 3154 878 3193 a
926 3136 1121 3204 vobiS,
1176 3135 1237 3191 id
1282 3133 1436 3204 quod
1481 3151 1595 3190 non
1635 3152 1830 3208 spem,
1888 3136 2162 3211 deserar,
2222 3146 2431 3198 tamen
2479 3136 2630 3195 animo

398 3243 514 3283 non
585 3225 865 3282 deficiam
937 3228 1002 3279 et
1072 3222 1162 3294 id,
1237 3219 1389 3290 quod
1457 3225 1709 3294 suscepi,
1778 3224 1969 3293 quoad
2035 3230 2283 3301 potero,
2358 3226 2631 3300 perferam·

398 3313 565 3381 Quod
633 3314 683 3368 si
752 3309 1033 3383 perferre
1102 3325 1218 3364 non
1278 3313 1509 3378 poter0,
1567 3309 1809 3377 opprimi
1869 3328 1962 3368 me
2023 3328 2208 3370 onere
2272 3313 2454 3372 officii
2498 3307 2630 3368 malo·

397 3415 570 3471 quam
616 3398 707 3469 id,
768 3396 928 3469 quod
975 3395 1119 3452 mihi
1158 3410 1285 3450 cum
1332 3392 1443 3448 fide
1490 3394 1670 3450 semel
1715 3396 2049 3466 impositum
2098 3404 2217 3473 est,
2285 3408 2390 3459 aut
2435 3401 2660 3472 propter¹

396 3485 705 3558 perfidiam
765 3485 1011 3541 abicere
1072 3487 1174 3537 aut
1213 3486 1452 3551 propter
1496 3479 1893 3539 infirmitatem
1937 3486 2120 3542 animi
2167 3487 2495 3560 deponere.
2576 3478 2630 3536 Te

297 3572 370 3625 11
399 3590 628 3643 quoque
705 3585 924 3641 magno
983 3583 1192 3639 opere,
1254 3566 1334 3621 M.
1381 3566 1596 3637 Fanni,
1666 3585 1913 3643 quaese,
1983 3577 2077 3645 ut,
2147 3576 2387 3645 qualem
2450 3570 2631 3632 teiam

396 3666 570 3717 antea
627 3657 850 3729 populo
909 3654 1180 3710 Romano
1246 3652 1596 3725 praebuisti,
1674 3671 1805 3712 cum
1867 3658 2003 3714 huic
2074 3661 2272 3719 eidem
2346 3648 2633 3735 quaestioni

535 3842 588 3906 1)
611 3837 706 3890 Sic
727 3837 796 3888 de
808 3832 1054 3886 Ernestii
1073 3831 1211 3883 coni.
1228 3831 1353 3883 edit.
1367 3848 1497 3896 rec.;
1520 3833 1671 3886 codd.
1693 3835 1781 3887 vel·
1793 3847 2196 3894 consueverunt
2213 3845 2303 3897 vel
2323 3832 2635 3897 consummaui
