2669 4354
517 436 846 506 adposuisse,
893 438 983 504 qui
1027 437 1217 489 crimen
1257 437 1440 490 callide
1476 438 1790 505 confingeret
1837 440 2317 506 accusationemque
2362 433 2597 510 suscipere

514 507 677 558 Reum
718 509 891 560 autem
928 507 1173 559 Roscium
1220 523 1317 559 non
1355 507 1503 560 modo
1540 508 1742 560 nullum
1776 509 2177 561 emolumentum
2226 524 2287 560 ex
2322 520 2440 557 nece
2474 504 2608 570 patnss

518 577 610 629 sed
647 578 804 629 etiam
842 594 1093 630 summam
1129 580 1415 644 egestatem
1452 581 1606 647 atque
1641 579 1871 647 inopiam
1909 582 2224 647 reportasse:
2260 577 2492 643 iniquum
2524 584 2615 629 esse,

518 650 602 710 ut,
641 649 788 699 cuius
824 648 1012 701 iniuria
1048 648 1236 714 patriis
1277 647 1501 700 fortunis
1538 650 1771 701 omnibus
1810 650 1881 701 sit
1904 666 2109 701 eversus
2136 652 2291 718 atque
2316 644 2383 698 ad
2407 654 2614 695 summam

514 718 738 785 inopiam
769 717 1034 783 redactuS,
1077 719 1188 770 eius
1224 734 1360 770 nunc
1384 720 1619 786 potentia
1644 735 1733 788 per
1756 735 2014 771 summum
2048 719 2267 772 dedecus
2308 726 2599 792 summafnflu

513 788 760 839 iniuriam
797 788 908 840 vita
944 789 1189 856 privetur.
1263 788 1435 841 Causa
1477 789 1688 856 publica
1726 790 1776 853 (ξ
1802 789 1909 853 59.)
1949 790 2172 859 adeoque
2206 791 2377 858 ipsum
2412 782 2613 858 iuthclum

514 857 781 926 publicum
817 861 924 922 est,
968 859 1021 910 h.
1059 875 1101 912 e.
1140 861 1414 911 accusator
1450 876 1549 910 non
1586 860 1841 927 privatam
1878 859 2126 923 alicuine,
2175 859 2266 912 sed
2299 858 2462 908 laesae
2494 852 2611 925 totmff

515 928 588 980 rei
623 928 860 996 publicae
895 929 1135 981 iniuriam
1173 929 1521 998 persequitur,
1561 929 1698 997 quod
1733 930 2029 982 huiusmodi
2056 931 2270 982 crimina
2296 926 2362 979 ad
2384 922 2541 992 ipsius
2569 932 2611 996 τρι

516 998 658 1066 publ.
696 998 970 1067 perniciem
1008 999 1194 1051 valent.
1266 999 1404 1052 Acta
1439 1002 1522 1051 est
1556 999 1611 1051 in
1645 997 1750 1051 foro
1790 1000 1872 1066 (ut
1907 1000 2062 1052 moris
2102 1003 2238 1067 erat,
2275 995 2475 1068 publice
2508 991 2554 1041 et
2581 1001 2610 1065 ψ

514 1072 788 1137 conspectu
824 1068 1004 1138 populi
1039 1070 1229 1122 circum
1275 1069 1522 1121 subsellia
1557 1069 1785 1121 iudicum
1822 1085 2057 1122 coronam
2087 1069 2328 1123 facientis
2363 1065 2487 1142 haec
2508 1073 2609 1140 capr

514 1138 585 1189 tis
623 1139 816 1191 iudicia
856 1138 986 1205 fieri)
1025 1139 1092 1191 ad
1137 1140 1207 1194 M.
1245 1139 1432 1191 Fannii
1468 1140 1718 1207 praetoris
1767 1139 2025 1205 tribunal,
2076 1141 2165 1209 qui
2201 1135 2485 1209 quaestiom
2518 1144 2563 1179 m
2600 1193 2608 1202 ⁸

515 1208 728 1260 sicarios
765 1212 1022 1277 praeerat,
1078 1226 1194 1261 cum
1245 1210 1293 1261 ei
1331 1210 1387 1261 in
1440 1210 1653 1262 consilio
1698 1210 1895 1262 iudices
1933 1227 1995 1262 ex
2029 1211 2209 1263 ordine
2247 1203 2515 1266 senatorio,
2555 1213 2578 1264 q

514 1281 629 1330 tum
665 1279 802 1331 solus
836 1279 948 1346 lege
985 1278 1221 1332 Cornelia
1255 1279 1548 1348 iudicabat,
1592 1280 1893 1332 assiderent.

387 1534 656 1656 lOredo
702 1609 808 1666 ego
854 1609 976 1666 VOS,
1037 1591 1286 1666 iudiceS,
1338 1593 1562 1665 mirari,
1611 1593 1747 1665 quid
1794 1593 1870 1649 sit
1920 1591 2096 1664 quod,
2154 1609 2285 1650 cum
2325 1594 2409 1648 tot
2452 1599 2560 1642 sum

391 1687 421 1741 1
444 1686 706 1740 oratores
771 1681 1144 1752 hominesque
1215 1680 1556 1738 nobilissimi
1610 1680 1886 1752 sedeant,
1957 1696 2064 1752 ego
2124 1681 2478 1752 potissimum
2527 1682 2606 1725 sur·

443 1769 722 1841 rexerim,
791 1770 888 1841 qui
932 1786 1120 1841 neque
1169 1773 1365 1826 aetate
1411 1785 1599 1840 neque
1645 1769 1877 1840 ingenio
1921 1784 2113 1839 neque
2162 1767 2500 1826 auctoritate
2540 1755 2604 1851 silll

443 1875 571 1915 cum
630 1857 750 1930 his,
811 1858 909 1929 qui
969 1855 1242 1929 sedeant,
1304 1855 1738 1928 comparandus.
1846 1855 2057 1912 Omnes
2108 1856 2194 1929 hi,
2251 1870 2393 1928 quos
2450 1846 2603 1906 videns

444 1946 681 2015 adesse,
751 1945 814 2001 in
867 1945 976 2003 hac
1038 1961 1212 2002 causa
1270 1944 1542 2002 iniuriam
1600 1960 1747 2002 novo
1808 1943 2031 2001 scelere
2093 1942 2393 2002 conflatam
2448 1932 2603 2010 putant

443 2039 711 2104 oportere
773 2030 1034 2104 defendi,
1096 2029 1413 2090 defendere
1472 2032 1584 2104 ipsi
1646 2038 1882 2104 propter
1924 2031 2292 2102 iniquitatem
2335 2031 2602 2098 temporum

441 2138 556 2179 non
638 2120 871 2179 audent.
988 2121 1081 2177 Ita
1162 2117 1252 2193 fit,
1343 2124 1407 2176 ut
1490 2119 1682 2177 adsint
1752 2125 2093 2193 propterea,
2182 2119 2333 2192 quod
2406 2108 2601 2203 officium

380 2214 416 2268 2
438 2214 786 2283 sequuntur,
853 2213 1088 2266 taceant
1127 2213 1321 2266 autem
1366 2208 1610 2282 idcirce,
1673 2209 1807 2282 quia
1850 2209 2171 2281 periculum
2214 2210 2414 2266 vitant.
2499 2188 2600 2267 de

440 2300 624 2369 ergo?
697 2296 1111 2354 audacissimus
1177 2312 1284 2370 ego
1352 2312 1424 2353 ex
1490 2297 1796 2354 omnibus?
1893 2296 2152 2353 Minime.
2258 2297 2353 2353 An
2371 2287 2421 2372 1)
2485 2285 2600 2344 tant-0

437 2382 748 2443 officiosior
792 2400 965 2457 quam
1011 2379 1232 2441 ceteri?
1288 2401 1365 2441 ne
1410 2385 1575 2443 istius
1623 2385 1854 2457 quidem
1899 2385 2086 2442 laudis
2132 2385 2218 2441 ita
2256 2386 2361 2443 sim
2396 2371 2601 2449 cupidus,

436 2478 500 2529 ut
567 2472 696 2529 aliis
764 2488 894 2529 eam
956 2477 1325 2544 praereptam
1392 2473 1581 2529 velim.
1688 2473 1846 2542 Quae
1900 2489 1992 2529 me
2052 2473 2232 2544 igitur
2276 2487 2374 2530 res
2414 2463 2601 2547 praetef

439 2566 661 2617 ceteros
718 2560 972 2633 impulit,
1037 2565 1102 2618 ut
1154 2576 1387 2617 causam
1450 2560 1579 2618 Sex.
1640 2560 1838 2617 Roscii
1892 2561 2260 2632 reciperem?
2358 2554 2529 2627 Quia,
2577 2553 2600 2595 ⁸¹

437 2648 565 2720 quis
623 2648 826 2705 horum
851 2641 903 2728 2)
956 2646 1225 2721 dixisset,
1293 2663 1435 2718 quos
1489 2646 1697 2706 videtis
1758 2646 1989 2720 adesse,
2057 2650 2118 2706 in
2179 2649 2385 2719 quibus
2430 2641 2600 2699 summa

438 2736 750 2794 auctoritas
793 2742 882 2793 est
920 2740 1094 2808 atque
1134 2734 1486 2808 amplitude,
1533 2736 1583 2794 si
1626 2734 1865 2793 verbum
1908 2735 1980 2793 de
2026 2753 2092 2793 re
2137 2736 2369 2808 publica
2397 2718 2601 2788 fecisset

436 2824 495 2881 id
563 2823 714 2896 quod
779 2824 842 2881 in
906 2824 1016 2881 hac
1073 2840 1248 2881 causa
1301 2819 1430 2880 fieri
1488 2839 1727 2881 necesse
1791 2828 1911 2896 est,
1971 2824 2149 2880 multo
2202 2824 2371 2895 plura
2418 2811 2601 2875 (fixisse,

379 2913 607 2985 3quam
650 2911 919 2984 dixisset,
965 2916 1299 2982 putaretur:
1364 2926 1470 2982 ego
1517 2916 1710 2969 autem
1749 2911 1799 2967 si
1822 2906 1873 2989 3)
1921 2911 2145 2984 omnia,
2207 2927 2355 2983 quae
2401 2891 2602 2963 dicenda

435 3006 598 3073 sunt,
680 3000 864 3059 libere
933 2998 1132 3056 dixero
1154 3042 1170 3071 ,
1247 3014 1613 3070 nequaquam
1674 3004 1872 3056 tamen
1936 2999 2203 3058 similiter
2265 2996 2449 3056 oratio
2513 2991 2603 3043 mea

437 3090 596 3146 exire
645 3094 817 3159 atque
857 3088 920 3143 in
963 3087 1161 3159 volgus
1208 3102 1481 3144 emanare
1520 3088 1764 3158 poterit:
1821 3086 2061 3160 deinde,
2126 3087 2278 3160 quod
2327 3080 2602 3143 ceterorum

434 3192 624 3247 neque
700 3174 914 3231 dictum
988 3173 1295 3231 obscurum
1371 3179 1563 3246 potest
1638 3191 1764 3233 esse
1838 3180 2075 3247 propter
2147 3175 2509 3233 nobilitatem
2570 3155 2603 3209 el

428 3262 873 3335 'amplitudinem
940 3278 1129 3333 neque
1193 3267 1416 3320 temere
1489 3261 1641 3320 dicto
1697 3263 1934 3320 concedi
1990 3269 2229 3335 propter
2282 3262 2526 3320 aetatem
2572 3241 2608 3296 et

434 3350 825 3423 prudentiam:
905 3366 1012 3422 ego
1081 3351 1132 3407 si
1196 3349 1332 3422 quid
1408 3349 1646 3407 liberius
1708 3350 1934 3422 dixerO,
1998 3352 2092 3409 vel
2155 3352 2440 3409 occultum
2496 3343 2606 3422 esse

432 3444 744 3510 propterea
796 3437 945 3509 quod
1005 3438 1257 3496 nondum
1313 3437 1389 3495 ad
1448 3454 1573 3495 rem
1627 3438 1915 3509 publicam
1976 3440 2228 3513 accessi,
2287 3438 2380 3496 vel
2424 3429 2606 3502 ignoscl

609 3654 661 3719 1)
710 3651 796 3706 Sic
846 3652 1012 3707 schol.
1051 3652 1242 3720 Gron.,
1291 3652 1406 3706 cod.
1456 3654 1700 3721 plerique
1746 3657 1833 3721 at,
1890 3653 2032 3723 quod
2077 3654 2315 3707 retinent
2351 3645 2508 3719 Halm
2552 3626 2609 3683 ed·

433 3724 556 3778 Tur.
599 3727 653 3775 et
686 3724 917 3791 Kayser;
968 3723 1224 3791 Palimps.
1274 3739 1354 3777 ae.
1604 3725 1657 3792 2)
1716 3724 1765 3776 si
1808 3724 1931 3792 quis
1979 3724 2173 3776 horum
2209 3724 2400 3776 Halm:
2454 3728 2500 3765 ΒΦ
2541 3710 2614 3769 (1²⁶²

428 3794 660 3846 istorum
696 3795 970 3862 palimps.,
1023 3792 1072 3845 si
1118 3793 1239 3860 quis
1286 3793 1516 3845 istorum
1564 3794 1684 3848 rell.
1734 3794 1885 3849 codd.
1933 3810 2067 3862 quos
2106 3824 2172 3832 —-
2215 3793 2397 3846 adesse
2453 3770 2624 3850 Flesskss

431 3866 577 3918 cisen
614 3864 714 3918 del.
928 3865 981 3932 3)
1023 3862 1113 3916 Sic
1138 3864 1419 3933 palimps.;
1469 3864 1685 3918 etiamsi
1719 3865 1839 3918 rell.
1879 3865 2030 3918 codd.
2623 3871 2624 3880 ¹
