2669 4354
894 252 1078 292 mmm
1119 251 1406 302 QVARTVS.
2130 236 2253 293 343

64 422 470 496 ostenderetur,
534 422 736 480 delere
781 427 844 481 et
889 424 1273 495 exstinguere.
1376 423 1583 494 Itaque
1639 420 1916 481 aedificiis
1977 424 2256 497 omnibuS,

64 511 287 584 publicis
330 511 597 584 privatiS,
643 512 825 568 sacris
869 509 1128 584 profanis
1174 512 1256 568 sic
1285 512 1578 584 pepercit,
1625 512 1789 583 quasi
1836 511 1910 568 ad
1954 527 2026 569 ea
2056 510 2259 569 defen-

64 599 229 657 denda
288 614 417 655 cum
480 599 770 671 exercitu,
855 615 972 657 non
1032 598 1416 672 oppugnanda
1437 592 1488 677 1)
1544 599 1815 656 venisset.
1919 599 1988 656 In
2048 605 2258 657 ornatu

64 688 196 745 urbis
255 686 459 744 habuit
514 687 794 744 victoriae
856 688 1176 760 rationem,
1247 687 1453 745 habuit
1503 686 1904 744 humanitatis:
1978 688 2256 745 victoriae

64 776 283 847 putabat
345 791 471 832 esse
547 774 727 831 multa
787 775 1031 832 Romam
1109 774 1451 847 deportare,
1527 792 1674 847 quae
1730 781 2068 833 ornamento
2127 774 2257 833 urbi

68 880 169 922 esse
216 867 494 936 possent,
528 862 911 920 humanitatis
956 878 1072 920 non
1117 862 1290 934 plane
1334 863 1656 935 exspoliare
1704 862 1940 935 urbem,
1990 879 2256 937 praeser-

64 952 140 1008 tim
177 967 358 1023 quam
404 966 747 1008 conservare
793 951 1093 1008 voluisset.
1201 951 1269 1007 In
1327 951 1440 1007 hac
1479 951 1793 1022 partitione
1851 956 2089 1009 ornatus
2141 966 2257 1008 non
2279 953 2399 1007 121

65 1040 167 1110 plus
214 1038 464 1097 victoria
508 1038 778 1096 Marcelli
838 1039 1051 1111 populo
1096 1037 1357 1096 Romano
1402 1037 1709 1113 adpetivit,
1767 1054 1939 1110 quam
1996 1039 2259 1097 humani-

69 1132 135 1186 tas
173 1126 557 1200 Syracusanis
602 1127 942 1185 reservavit.
1048 1125 1289 1183 Romam
1327 1142 1480 1198 quae
1541 1131 1839 1199 asportata
1859 1121 1907 1207 2)
1962 1133 2127 1201 sunt,
2185 1126 2260 1184 ad

69 1216 254 1273 aedem
333 1215 587 1272 Honoris
663 1220 721 1272 et
782 1214 1030 1273 Virtutis
1109 1215 1367 1286 itemque
1443 1215 1571 1272 aliis
1645 1215 1705 1271 in
1771 1215 1913 1272 locis
1980 1215 2258 1272 videmus.

64 1303 199 1361 Nihil
259 1304 320 1360 in
389 1303 663 1376 aedibUS,
722 1302 866 1359 nihil
917 1304 976 1359 in
1038 1303 1219 1359 hortis
1276 1302 1498 1376 posuit,
1577 1302 1721 1360 nihil
1779 1303 1840 1359 in
1896 1303 2257 1361 suburbano:

64 1391 293 1463 putavit,
368 1392 416 1448 si
504 1390 667 1448 urbis
739 1395 1079 1448 ornamenta
1153 1388 1387 1447 domum
1461 1407 1625 1447 suam
1701 1406 1818 1447 non
1896 1391 2258 1463 contulisset,

65 1478 271 1537 domum
317 1494 483 1536 suam
540 1484 876 1536 ornamento
934 1478 1069 1536 urbi
1131 1475 1407 1536 futuram.
1514 1478 1814 1551 Syracusis
1879 1484 2076 1535 autem
2128 1494 2263 1550 per-

66 1568 227 1626 multa
284 1570 464 1639 atque
527 1567 765 1638 egregia
823 1566 1088 1637 reliquit:
1143 1564 1315 1623 deum
1372 1581 1508 1623 vero
1547 1566 1774 1623 nullum
1818 1565 2084 1639 violavit,
2131 1565 2262 1622 nul-

65 1655 159 1712 lum
222 1655 434 1727 attigit.
529 1652 801 1712 Conferte
861 1654 1102 1711 Verrem
1122 1698 1137 1727 ,
1197 1669 1312 1710 non
1365 1658 1434 1709 ut
1494 1653 1780 1711 hominem
1839 1669 1970 1710 cum
2029 1653 2259 1711 homine

66 1743 425 1816 comparetiS,
517 1759 593 1801 ne
675 1757 789 1813 qua
857 1741 961 1799 tali
1022 1742 1145 1799 viro
1221 1745 1446 1799 mortuo
1514 1737 1616 1798 fiat
1683 1741 1920 1814 iniuria,
2002 1740 2107 1798 sed
2196 1746 2262 1797 ut

66 1847 245 1900 pacem
293 1847 422 1887 cum
467 1830 652 1903 bello,
712 1830 873 1900 leges
919 1846 1048 1886 cum
1089 1829 1179 1903 vi,
1243 1828 1427 1886 forum
1490 1832 1569 1886 et'
1604 1829 1746 1886 iuris
1789 1828 2100 1886 dictionem
2135 1844 2262 1885 cum

65 1915 198 1977 ferro
239 1923 299 1978 et
348 1919 553 1993 armiS,
599 1916 908 1975 adventum
963 1921 1025 1974 et
1072 1918 1406 1975 comitatum
1467 1933 1594 1974 cum
1639 1918 1896 1974 exercitu
1941 1922 2001 1974 et
2022 1917 2263 1974 victoria

67 2006 374 2065 conferatis.
1986 2002 1991 2005 ’

214 2093 398 2153 Aedis
420 2086 473 2172 3)
526 2093 831 2150 Minervae
882 2098 970 2151 est
1012 2093 1071 2150 in
1116 2091 1339 2166 Insula,
1398 2091 1470 2148 de
1527 2106 1640 2162 qua
1697 2096 1830 2148 ante
1890 2091 2030 2149 dixi:
2090 2107 2259 2162 quam
2279 2085 2365 2151 55

66 2182 359 2242 Marcellus
428 2198 541 2240 non
606 2182 832 2254 attigit,
896 2198 1068 2253 quam
1135 2182 1366 2254 plenam
1431 2185 1606 2252 atque
1670 2184 1934 2238 ornatam
1994 2179 2259 2251 reliquit:
2286 2182 2406 2238 122

69 2286 192 2341 quae
246 2272 321 2329 ab
379 2270 491 2328 isto
547 2271 631 2326 sic
676 2270 926 2344 spoliata
976 2275 1151 2342 atque
1209 2269 1440 2342 direpta
1496 2274 1616 2341 est,
1676 2283 1789 2325 non
1847 2273 1912 2325 ut
1960 2267 2033 2325 ab
2094 2268 2259 2325 hoste

70 2359 264 2433 aliquo,
322 2358 422 2430 qui
475 2364 672 2416 tamen
730 2359 791 2415 in
847 2357 1003 2416 bello
1058 2357 1400 2430 religionem
1419 2350 1474 2434 4)
1537 2361 1597 2414 et
1652 2356 2081 2414 consuetudinis
2135 2356 2263 2413 iura

69 2449 357 2521 retineret,
418 2446 523 2505 sed
577 2451 643 2504 ut
687 2462 723 2503 a
777 2446 1041 2504 barbaris
1093 2444 1485 2519 praedonibus
1534 2450 1743 2502 vexata
1799 2460 1928 2503 esse
1978 2443 2262 2504 videatur.

69 2533 247 2608 Pugna
315 2541 447 2592 erat
510 2536 796 2607 equestris
862 2533 1170 2608 Agathocli
1236 2533 1392 2606 regis
1460 2532 1520 2588 in
1581 2532 1791 2590 tabulis
1857 2532 2013 2604 picta
2029 2525 2113 2608 5):
2188 2532 2260 2589 iis

70 2629 266 2688 autem,
307 2623 522 2681 tabulis
597 2623 908 2680 interiores
974 2622 1174 2693 templi
1250 2621 1504 2692 parietes
1570 2619 1984 2678 vestiebantur.
2102 2619 2260 2676 Nihil

69 2718 176 2769 erat
228 2729 299 2770 ea
344 2712 574 2784 pictura
608 2711 886 2783 nobiliuS,
945 2710 1089 2767 nihil
1136 2709 1468 2782 SyracusiS,
1534 2702 1687 2780 quod
1736 2708 1920 2779 magis
1962 2706 2261 2764 visendum

67 2804 361 2868 putaretur.
469 2800 593 2857 Has
639 2799 870 2857 tabulas
916 2798 997 2855 M.
1042 2798 1384 2869 Marcellus,
1451 2811 1580 2852 cum
1625 2796 1815 2852 omnia
1856 2794 2099 2851 victoria
2158 2794 2263 2851 illa
2340 2843 2343 2846 .

65 2902 152 2945 sua
192 2888 437 2961 profana
476 2885 742 2961 fecisset,
790 2891 985 2944 tamen
1024 2885 1303 2959 religione
1350 2884 1662 2957 impeditus
1706 2899 1822 2941 non
1867 2882 2084 2956 attigit:
2130 2882 2261 2955 iste,

67 2990 177 3032 cum
234 2977 336 3034 illa
400 2976 518 3033 iam
582 2979 822 3047 propter
893 2974 1221 3032 diuturnam
1287 2988 1494 3046 pacem
1551 2969 2006 3042 fidelitatemque
2067 2969 2263 3043 populi

64 3059 392 3135 Syracusani
428 3080 594 3121 sacra
624 3063 1010 3136 religiosaque
1042 3063 1393 3134 accepisset,
1439 3076 1637 3118 omnes
1685 3075 1785 3116 eas
1813 3058 2039 3116 tabulas
2069 3057 2262 3115 abstu-

65 3150 149 3226 lit,
207 3153 492 3227 parieteS,
552 3168 794 3224 quorum
838 3155 1074 3208 ornatus
1134 3155 1224 3207 tot
1267 3149 1505 3207 saecula
1556 3152 1917 3219 manserant,
1979 3150 2065 3204 tot
2108 3146 2264 3203 bella

194 3437 249 3503 1)
296 3436 387 3490 Sic
421 3434 537 3489 cod.
579 3432 759 3500 Laid„
802 3433 857 3486 in
879 3434 1010 3501 Reg.
1044 3435 1129 3486 est
1163 3430 1640 3499 exoppugnandm
1675 3430 1838 3497 vulgo
1877 3426 2265 3497 eaepuynanda.

67 3503 111 3572 2)
145 3512 428 3574 asportata
460 3505 612 3559 codd.
652 3505 813 3568 dett.;
871 3503 1173 3571 adportata
1211 3518 1274 3555 ex
1311 3503 1446 3570 Reg.
1482 3501 1711 3561 Jordan,
1774 3501 1895 3566 Ka)
1898 3516 2011 3564 ser,
2076 3498 2267 3566 depor-

64 3579 171 3629 tata
206 3576 353 3631 Leid.
481 3577 536 3644 3)
574 3576 719 3628 Haec
755 3574 925 3627 forma
958 3577 1041 3627 est
1073 3575 1129 3626 in
1166 3571 1281 3626 cod
1313 3572 1444 3639 Reg.
1487 3574 1545 3624 et
1581 3571 1928 3625 confirmatur
1961 3570 2268 3638 inscriptio-

65 3645 240 3709 nibus;
288 3648 448 3717 vulgo
487 3645 660 3699 aedes
854 3645 911 3711 4)
960 3644 1049 3697 Sic
1084 3645 1299 3713 praeter
1336 3639 1486 3695 codd.
1527 3659 1593 3709 op
1596 3644 1636 3694 1.
1676 3640 1814 3695 Gell.
1848 3641 1901 3693 II
1941 3641 1990 3695 6.
2030 3640 2265 3693 Macrob.

68 3715 165 3770 Sat.
205 3717 312 3770 VII
349 3719 405 3782 6;
452 3719 614 3798 vulgo
649 3714 991 3783 reliyio‘num.
1075 3714 1198 3767 Mox
1234 3711 1382 3766 codd.
1422 3713 1529 3778 opt.
1568 3710 1886 3777 contineret,
1935 3710 2086 3763 codd.
2125 3709 2265 3763 Gell.

66 3789 112 3838 et
141 3788 373 3842 Macrob.
412 3788 677 3859 retineret.
800 3787 854 3854 5)
896 3783 1225 3854 [praeclare]
1268 3784 1348 3836 sic
1383 3781 1505 3835 add.
1545 3781 1837 3849 Eberhard,
1872 3781 2015 3849 quod
2050 3781 2105 3833 in
2131 3779 2264 3847 Lag.

67 3859 141 3909 cst
172 3859 492 3925 praeclaris.

141 3944 238 3986 Cic.
270 3943 401 3987 Oratt.
434 3944 540 3987 Sell.
1770 3927 1849 3982 22
