2669 4354
399 243 482 300 64
1442 252 1662 293 ORATIO

399 428 633 502 quidem
678 432 939 500 tempore
978 441 1107 483 cum
1155 429 1311 483 esset
1355 441 1474 484 non
1504 439 1673 483 nemo
1717 424 1778 481 in
1815 429 2024 482 senatu
2069 423 2168 496 qui
2213 422 2456 496 diceret,
2500 440 2609 482 non

398 522 664 589 oportere
736 516 887 573 mitti
952 513 1243 572 hominem
1308 513 1597 586 privatum
1666 529 1771 585 pro
1838 512 2069 570 consule
2090 555 2104 583 ,
2189 511 2255 569 L.
2315 511 2609 585 Philippus

296 630 303 635 ·
401 604 613 663 dixisse
660 602 889 677 dicitur,
932 618 1048 659 non
1092 618 1154 659 se
1196 601 1363 657 illum
1410 616 1516 657 sua
1560 599 1852 658 sententia
1896 617 2000 672 pro
2047 601 2316 673 consule,
2367 599 2471 657 sed
2512 617 2608 672 pro

402 691 727 750 consulibus
784 691 1035 749 mittere.
1137 688 1328 746 Tanta
1398 690 1460 745 in
1514 705 1584 746 eo
1643 689 1731 746 rei
1787 687 2055 761 publicae
2111 688 2264 746 bene
2322 688 2607 760 gerendae

400 798 536 853 spes
581 776 1061 850 constituebatur,
1099 782 1166 833 ut
1209 775 1452 834 duorum
1498 778 1792 834 consulum
1827 792 2030 833 munus
2075 776 2243 833 unius
2282 774 2611 834 adulescen-

398 869 473 925 tis
540 868 737 927 virtuti
802 866 1272 925 committeretur.
1384 863 1534 934 Quid
1600 869 1718 921 tam
1787 863 2112 936 singulare,
2172 880 2344 936 quam
2415 869 2481 921 ut
2544 881 2608 921 ex

400 961 635 1013 senatus
692 956 949 1013 consulto
1007 953 1232 1026 legibus
1279 954 1494 1011 solutus
1540 953 1741 1011 consul
1785 956 1922 1009 ante
1967 950 2159 1025 fieret,
2221 968 2392 1024 quam
2437 953 2609 1009 ullum

399 1045 575 1102 alium
622 1044 1017 1116 magistratum
1062 1058 1167 1113 per
1205 1041 1373 1112 leges
1420 1056 1629 1112 capere
1679 1037 1973 1098 licuisset?
2023 1039 2160 1111 quid
2205 1044 2325 1097 tam
2369 1040 2610 1097 incredi-

397 1131 550 1205 bile,
596 1148 765 1203 quam
810 1134 873 1186 ut
917 1131 1128 1187 iterum
1175 1145 1351 1200 eques
1382 1127 1675 1186 Romanus
1721 1145 1792 1185 ex
1836 1132 2068 1185 senatus
2114 1129 2373 1187 consulto
2418 1130 2607 1186 trium·

396 1219 647 1292 pharet‘?
731 1218 890 1289 Quae
936 1218 998 1274 in
1042 1216 1304 1274 omnibus
1349 1214 1676 1275 hominibus
1721 1232 1872 1273 nova
1915 1221 2047 1288 post
2082 1214 2374 1273 hominum
2405 1233 2608 1275 memo—

396 1308 545 1365 riam
606 1307 916 1365 constituta
970 1310 1128 1378 sunt,
1191 1321 1263 1361 ea
1306 1310 1425 1361 tam
1470 1304 1650 1361 multa
1693 1320 1807 1362 non
1853 1309 1984 1361 sunt
2029 1320 2198 1375 quam
2243 1303 2420 1377 haec,
2467 1321 2607 1377 quae

298 1401 379 1458 63
400 1412 460 1452 ιιι
506 1393 614 1452 hoc
654 1411 768 1451 uno
813 1393 1045 1451 homine
1087 1392 1362 1450 videmuS.
1453 1391 1644 1463 Atque
1691 1391 1838 1449 haec
1883 1396 1970 1449 tot
2012 1392 2307 1466 exempla,
2353 1397 2518 1450 tanta
2546 1409 2607 1449 ac

401 1488 521 1541 tam
566 1498 747 1554 nova,
804 1479 1067 1554 profecta
1110 1485 1246 1537 sunt
1286 1480 1349 1536 in
1394 1479 1640 1537 eundem
1684 1479 1977 1538 hominem
2023 1495 2059 1536 a
2104 1478 2169 1549 Q.
2205 1479 2393 1538 Catuli
2442 1485 2606 1552 atque

400 1586 436 1627 a
473 1577 796 1629 ceterorum
823 1569 1078 1627 eiusdem
1099 1568 1397 1641 dignitatis
1423 1568 1899 1641 amplissimorum
1928 1568 2218 1626 hominum
2249 1569 2607 1628 auctoritate.

288 1659 378 1726 22
574 1657 767 1728 Quare
812 1656 1082 1729 videant,
1127 1672 1203 1715 ne
1252 1657 1328 1713 sit
1371 1656 1738 1728 periniquum
1780 1661 1840 1712 et
1869 1671 1984 1714 non
2013 1654 2339 1730 ferundum,
2384 1657 2608 1715 illorum

398 1746 803 1804 auctoritatem
849 1745 921 1803 de
969 1743 1070 1802 Cn.
1101 1744 1339 1817 Pompei
1384 1743 1664 1816 dignitate
1714 1760 1750 1801 a
1789 1742 1951 1802 vobis
1997 1744 2425 1817 comprobatam
2468 1762 2607 1803 sem-

397 1851 506 1908 per
549 1850 706 1907 esse,
767 1838 1021 1891 vestrum
1065 1833 1139 1890 ab
1187 1832 1301 1889 illis
1346 1831 1417 1889 de
1466 1831 1671 1890 eodem
1711 1830 1939 1890 homine
1986 1831 2261 1890 iudicium
2305 1834 2606 1906 populique

396 1922 641 1980 Romani
701 1921 1107 1979 auctoritatem
1168 1919 1510 1993 improbari,
1565 1920 1908 1992 praesertim
1966 1937 2094 1977 cum
2154 1920 2269 1978 iam
2330 1939 2434 1978 suo
2488 1923 2605 1979 iure

396 2011 642 2083 populus
686 2009 973 2068 Romanus
1031 2010 1091 2066 i11
1145 2008 1255 2065 hoc
1311 2008 1544 2065 homine
1610 2024 1772 2065 suam
1828 2009 2234 2066 auctoritatem
2278 2010 2370 2068 vel
2417 2015 2609 2067 contra

397 2115 630 2171 omneS,
674 2098 775 2169 qui
822 2096 1202 2170 dissentiunt,
1247 2095 1431 2168 possit
1475 2093 1819 2170 defendere,
1876 2101 2188 2169 propterea
2236 2097 2390 2170 quod
2434 2097 2606 2157 isdem

396 2187 523 2243 istis
569 2186 1019 2245 reclamantibus
1077 2200 1174 2244 vos
1220 2202 1397 2241 unum
1440 2184 1602 2242 illum
1649 2201 1719 2243 ex
1764 2185 2026 2243 omnibus
2076 2186 2399 2261 delegistiS,
2445 2204 2606 2259 quem

299 2281 380 2337 64
396 2274 552 2332 bello
593 2273 948 2346 praedonum
992 2273 1446 2346 praeponeretis,
1536 2272 1662 2331 Hoc
1705 2274 1754 2331 si
1795 2289 1895 2332 vos
1924 2278 2149 2333 temere
2178 2274 2397 2332 fecistis
2429 2280 2492 2332 et
2529 2275 2606 2333 rei

396 2360 661 2434 publicae
710 2377 914 2434 parum
945 2360 1338 2434 consuluistiS,
1383 2365 1544 2419 recte
1590 2361 1686 2419 isti
1729 2362 1920 2419 studia
1963 2367 2159 2420 vestra
2203 2362 2323 2420 suis
2364 2363 2607 2421 consiliis

368 2463 603 2522 ‘regere
652 2456 966 2508 conantur:
1032 2449 1121 2506 sin
1164 2454 1362 2507 autem
1415 2466 1515 2507 vos
1568 2450 1694 2522 plus
1727 2454 1846 2506 tum
1890 2451 1952 2516 in
1987 2466 2054 2507 re
2098 2448 2330 2524 publica
2373 2450 2607 2524 vidistis,

397 2554 496 2595 vos
539 2538 629 2595 his
674 2536 1128 2610 repugnantibus
1171 2554 1281 2611 per
1321 2542 1544 2595 vosmet
1587 2538 1741 2611 ipsos
1785 2536 2127 2612 dignitatem
2169 2539 2303 2597 huic
2352 2539 2607 2613 imperi0‚

397 2625 639 2682 salutem
683 2626 811 2683 orbi
846 2631 1132 2685 terrarum
1177 2625 1480 2699 attulistiS,
1523 2625 1830 2698 aliquando
1870 2627 1966 2684 isti
1995 2628 2290 2700 principes
2320 2633 2381 2686 et
2412 2628 2527 2687 sibi
2558 2633 2608 2686 et

397 2714 609 2771 ceteris
643 2714 839 2786 populi
860 2713 1102 2773 Romani
1136 2714 1392 2771 universi
1426 2714 1760 2772 auctoritati
1789 2714 2108 2787 parendum
2140 2732 2268 2774 esse
2297 2714 2605 2775 fateantur.

568 2801 757 2874 Atque
785 2795 837 2883 1)
888 2802 948 2859 in
1002 2801 1110 2861 hoc
1154 2800 1305 2860 bello
1350 2801 1607 2860 Asiatico
1655 2807 1713 2859 et
1755 2803 1916 2876 regio
1960 2819 2074 2862 non
2119 2805 2300 2866 solum
2344 2805 2606 2863 militaris

392 2889 493 2946 illa
545 2890 761 2963 virtuS,
814 2906 963 2962 quae
1026 2895 1115 2948 est
1154 2891 1216 2948 in
1261 2888 1362 2948 Cn.
1409 2889 1683 2963 Pompeio
1727 2890 2069 2967 singularis,
2132 2891 2236 2950 sed
2276 2894 2429 2951 aliae
2479 2910 2605 2965 quo·

393 2993 507 3050 que
567 2978 810 3035 virtutes
864 2979 1041 3036 animi
1085 2993 1330 3050 magnae
1381 2983 1441 3035 et
1484 2979 1701 3036 multae
1746 2980 2133 3051 requiruntur.
2222 2980 2481 3040 Difficile
2526 2986 2605 3038 est

392 3065 452 3122 in
482 3064 655 3139 Asia,
697 3064 931 3139 Cilicia,
978 3066 1145 3139 Syria
1183 3066 1492 3139 regnisque
1534 3066 1876 3125 interiorum
1919 3068 2216 3126 nationum
2262 3069 2344 3127 ita
2389 3069 2603 3128 versari

392 3158 649 3210 nostrum
700 3154 1142 3227 imperatorem,
1204 3159 1267 3210 ut
1323 3152 1465 3210 nihil
1514 3153 1672 3212 aliud
1713 3155 1826 3212 nisi
1872 3155 1944 3215 de
1992 3156 2157 3214 hoste
2206 3173 2273 3215 ac
2318 3155 2390 3215 de
2440 3157 2601 3216 laude

392 3240 622 3312 cogitet.
714 3241 943 3300 Deinde
991 3242 1165 3300 etiam
1211 3242 1260 3298 si
1305 3241 1402 3312 qui
1450 3247 1584 3299 sunt
1626 3243 1845 3315 pudore
1888 3259 1958 3301 ac
1997 3245 2383 3315 temperantia
2410 3246 2600 3304 mode-

390 3329 669 3403 ratioreS,
713 3334 909 3387 tamen
970 3346 1069 3387 eos
1129 3346 1255 3387 esse
1315 3330 1466 3386 tales
1510 3335 1751 3402 propter
1794 3331 2224 3390 multitudinem
2272 3332 2602 3407 cupidorum

290 3414 682 3477 65110minum
729 3435 898 3475 nemo
952 3418 1284 3476 arbitratur.
1392 3413 1643 3476 Difficile
1690 3424 1780 3477 est
1819 3419 2006 3493 dictu,
2064 3419 2346 3496 Quirites,
2392 3426 2601 3494 quanto

389 3504 448 3559 in
506 3503 639 3563 odio
695 3506 870 3563 simus
925 3504 1079 3579 apud
1143 3510 1372 3563 exteras
1427 3506 1690 3563 nationes
1755 3513 1994 3580 propter
2054 3524 2287 3583 eorum,
2346 3527 2493 3582 quos
2535 3508 2600 3568 ad

389 3606 490 3648 eas
549 3609 659 3665 per
714 3593 816 3651 hos
870 3609 1051 3651 annos
1101 3609 1230 3651 cum
1285 3593 1533 3666 imperio
1577 3594 1867 3669 misimuS,
1927 3596 2197 3656 libidines
2244 3602 2306 3655 et
2348 3598 2598 3657 iniurias.

450 3783 453 3786 t
570 3744 624 3809 1)
662 3741 835 3796 Verba
880 3741 1014 3795 haec
1052 3742 1233 3810 Atque
1278 3742 1380 3795 hoc
1424 3743 1486 3795 in
1536 3742 1674 3797 bello
1722 3760 1895 3811 usque
1933 3744 2002 3797 ad
2037 3745 2068 3813 ξ
2104 3744 2174 3799 68
2212 3759 2332 3797 eum
2369 3745 2598 3798 exercitu·

385 3812 589 3866 venisse
631 3812 913 3881 qaudeant
961 3812 1248 3867 subditicia
1289 3830 1408 3866 esse
1455 3817 1670 3882 praeter
1715 3814 1850 3867 alios
1898 3813 2153 3868 Blochius
2200 3817 2256 3867 et
2299 3816 2597 3886 Madvigius

387 3884 918 3949 demonstraveiQunt
957 3883 1201 3937 Ciceroni
1238 3884 1533 3937 vindicavit
1567 3885 1750 3938 Halm.
