2669 4354
407 214 531 272 322
1167 227 1447 269 Acovsxr.
1495 229 1563 267 IN
1606 227 1856 268 VERREM

406 421 502 463 ras
552 405 815 463 nationes
863 409 1092 461 exteras
1110 449 1124 476 ,
1193 419 1366 475 quem
1415 402 1485 460 ad
1549 402 1775 460 modum
1835 401 2004 459 huius
2065 401 2153 458 tui
2213 400 2355 458 facti
2409 398 2591 458 famam

405 493 467 550 in
512 509 697 564 regna
740 492 981 550 aliorum
1027 497 1201 562 atque
1263 491 1323 547 in
1389 491 1618 548 ultimas
1676 496 1864 548 terras
1919 496 2332 562 perventuram
2388 487 2592 560 putasti,
2646 490 2647 555 j

408 597 535 637 cum
582 580 852 639 audirent
872 573 921 657 ¹)
979 595 1013 635 a
1057 584 1326 651 praetore
1375 578 1572 650 populi
1616 577 1862 635 Romani
1907 578 1967 634 in
2011 578 2311 650 provincia
2350 576 2592 634 violatum
2646 586 2647 593 ¹

406 685 634 741 regem,
714 667 1021 740 spoliatum
1100 666 1415 739 hospitem,
1510 667 1763 723 eiectum
1829 666 2048 723 socium
2113 666 2313 737 populi
2378 663 2593 722 Romani
2646 676 2647 691 ³

409 761 581 828 atque
629 756 914 813 amicum?
1017 755 1242 812 Nomen
1303 757 1557 811 vestrum
1612 753 1923 825 populique
1965 752 2212 810 Romani
2262 753 2395 810 odio
2450 758 2591 824 atque

409 843 716 902 acerbitati
782 843 986 900 scitote
1031 841 1360 899 nationibus
1408 841 1649 915 exteriS,
1712 841 1963 913 iudiceS,
2012 840 2302 913 futurum,
2357 841 2407 898 si
2459 840 2593 897 istius

407 933 555 989 haec
596 936 760 989 tanta
804 930 1017 988 iniuria
1076 929 1359 1002 impunita
1400 929 1750 988 discesserit.
1857 928 1951 986 Sic
2002 945 2199 986 omnes
2261 928 2595 986 arbitrabun-
2646 926 2647 995 j

409 1026 532 1092 tur,
594 1017 937 1090 praesertim
983 1034 1111 1073 cum
1156 1019 1302 1074 11666
1349 1015 1503 1074 fama
1546 1017 1618 1074 de
1662 1021 1989 1074 nostrorum
2036 1016 2329 1074 hominum
2384 1015 2597 1073 avaritia
2646 1010 2647 1023 ¹

410 1112 472 1164 et
515 1106 832 1179 cupiditate
879 1105 1311 1177 percrebruerit
1332 1098 1408 1183 2),
1465 1121 1580 1163 non
1626 1105 1791 1162 istius
1835 1104 2010 1161 solius
2056 1104 2164 1161 hoc
2211 1119 2341 1162 6336
2384 1102 2597 1175 facinuS,

410 1195 514 1253 sed
561 1210 759 1251 eorum
807 1194 1008 1263 etiam,
1055 1193 1150 1264 qui
1197 1191 1590 1264 adprobarint.
1679 1192 1851 1248 Multi
1897 1209 2065 1265 reges
2085 1237 2099 1264 ,
2148 1193 2364 1250 multae
2404 1192 2598 1249 liberae

410 1282 703 1354 civitateS,
767 1281 933 1337 multi
975 1281 1188 1353 privati
1234 1280 1493 1351 opulenti
1539 1296 1608 1337 ac
1652 1285 1921 1353 potentes
1977 1280 2198 1337 habent
2250 1279 2508 1353 profecto
2552 1280 2599 1335 in

411 1371 601 1428 animo
665 1367 1007 1440 Capitolium
1078 1368 1163 1425 316
1224 1383 1463 1440 ornare,
1538 1373 1603 1424 ut
1673 1368 1875 1440 templi
1957 1368 2207 1440 dignitas
2280 1369 2597 1441 imperiique

410 1458 592 1515 nostri
635 1471 846 1514 nomen
888 1454 1213 1528 desiderat3
1259 1455 1356 1526 qui
1399 1456 1447 1512 si
1494 1456 1886 1513 intellexerint
1931 1456 2256 1513 interverso
2300 1456 2411 1513 hoc
2441 1454 2597 1528 regali

411 1545 559 1603 dono
614 1545 866 1616 graviter
923 1560 1021 1600 vos
1073 1543 1305 1615 tulisse,
1374 1548 1543 1615 grata
1596 1541 1722 1601 fore
1780 1544 1940 1600 vobis
1993 1545 2316 1616 populoque
2364 1543 2596 1601 Romano

410 1649 513 1691 sua
566 1632 758 1690 studia
815 1647 883 1689 ac
939 1631 1089 1688 dona
1151 1631 1601 1687 arbitrabuntur.
1702 1630 1803 1688 Sin
1857 1632 1966 1688 hoc
2020 1647 2120 1688 vos
2182 1632 2242 1688 in
2296 1649 2439 1703 rege
2500 1638 2595 1688 tam

407 1721 616 1793 nobili,
673 1736 738 1777 re
784 1724 904 1776 tam
950 1718 1181 1791 eximia,
1245 1718 1460 1776 iniuria
1505 1725 1623 1775 tam
1669 1718 1882 1776 acerba
1926 1719 2254 1791 neglexisse
2294 1720 2526 1777 audient
2543 1713 2597 1795 ³),
2646 1722 2648 1745 ³

408 1825 525 1866 non
572 1813 740 1866 erunt
784 1813 904 1864 tam
949 1812 1243 1879 amenteS,
1309 1811 1374 1862 ut
1418 1821 1681 1879 operam,
1743 1822 1968 1880 curam,
2030 1808 2341 1879 pecuniam
2402 1809 2595 1880 impen-

410 1895 550 1954 dant
594 1896 655 1952 in
702 1911 801 1952 eas
844 1911 964 1965 reS,
1012 1910 1152 1965 quas
1198 1893 1358 1951 vobis
1405 1899 1598 1966 gratas
1643 1891 1769 1951 fore
1816 1903 1932 1952 non
1977 1895 2347 1953 arbitrentur.

305 1968 390 2035 31
583 1983 711 2040 Hoc
767 1983 916 2054 loco,
985 1982 1049 2052 Q.
1104 1979 1336 2054 Catule,
1415 1988 1474 2039 te
1536 1981 1783 2054 appelle.
1895 1982 2126 2054 Loquor
2185 1983 2341 2039 enim
2396 1983 2465 2040 de
2514 1988 2597 2038 tuo

308 2063 389 2120 69
411 2071 727 2129 clarissimo
778 2069 1273 2141 pulcherrimoque
1317 2074 1740 2143 monumento;‚
1781 2086 1898 2127 non
1954 2069 2160 2127 iudicis
2218 2071 2401 2128 solum
2458 2085 2595 2126 seve·
2646 2132 2647 2143 χ

409 2159 647 2217 ritatem
707 2159 768 2214 in
827 2157 937 2216 hoc
1000 2157 1270 2229 crimine,
1351 2157 1455 2215 sed
1512 2173 1689 2230 prope
1761 2158 1978 2215 inimici
2039 2163 2213 2231 atque
2276 2157 2594 2218 accusatoris

409 2248 522 2303 vim
587 2248 877 2317 suscipere
941 2246 1136 2303 debes,
1254 2245 1409 2302 Tuus
1477 2246 1631 2302 enim
1697 2244 1899 2304 honos
1945 2247 2044 2304 1110
2111 2248 2328 2319 templo
2393 2252 2593 2305 senatus
2646 2239 2647 2282 ἕ

409 2334 722 2408 populique
767 2333 1014 2391 Romani
1056 2332 1368 2406 beneficio,
1417 2334 1501 2391 tui
1551 2334 1798 2391 nominis
1843 2339 2087 2392 aeterna
2135 2336 2413 2393 memoria
2453 2332 2592 2391 simul

412 2439 541 2480 cum
594 2423 809 2493 templo
867 2421 966 2479 illo
1016 2412 1413 2479 consecratur:
1483 2422 1589 2478 tibi
1652 2420 1798 2479 haec
1856 2438 1995 2480 cura
2053 2423 2444 2496 suscipienda,
2503 2420 2591 2478 tibi
2646 2429 2647 2434 ’

410 2511 558 2568 11666
598 2526 775 2581 opera
820 2509 1098 2567 sumenda
1145 2514 1259 2582 est,
1305 2516 1369 2566 ut
1402 2508 1774 2582 Capitolium,
1823 2526 1990 2581 quem
2025 2509 2098 2567 ad
2143 2510 2373 2568 modum
2406 2509 2593 2580 magni-

409 2596 674 2656 ficentius
737 2602 826 2655 est
889 2597 1248 2670 restitutum,
1320 2598 1402 2654 sic
1456 2597 1743 2669 copiosius
1799 2603 2066 2655 ornatum
2126 2600 2202 2657 sit
2265 2615 2433 2672 quam
2479 2596 2592 2666 fuit3

413 2692 478 2743 ut
536 2686 638 2742 illa
691 2684 919 2742 flamma
970 2684 1243 2742 divinitus
1303 2685 1592 2742 exstitisse
1649 2685 1944 2758 videatur,
2012 2702 2127 2742 non
2189 2704 2339 2758 quae
2399 2686 2593 2744 deleret

411 2774 564 2832 Iovis
609 2773 821 2845 Optimi
866 2773 1107 2829 Maximi
1151 2772 1460 2844 templum,
1510 2772 1612 2830 sed
1658 2789 1805 2844 quae
1852 2774 2208 2845 praeclarius
2255 2772 2594 2847 magnificen-

309 2853 390 2909 70
410 2863 637 2934 tiusque
697 2861 1053 2932 deposceret.
1161 2860 1395 2917 Audisti
1447 2860 1510 2930 Q.
1564 2860 1884 2917 Minucium
1901 2854 1954 2938 4)
2015 2861 2209 2919 dicere
2275 2863 2421 2920 domi
2473 2874 2594 2917 suae

409 2949 775 3007 deversatum
834 2964 961 3006 esse
1006 2948 1352 3005 Antiochum
1416 2964 1613 3021 regem
1659 2948 1982 3021 Syracusis;
2059 2966 2122 3005 se
2184 2950 2327 3008 illud
2345 2945 2394 3027 5)
2465 2946 2594 3005 scire
2646 2965 2647 2980 ¹

408 3038 483 3096 ad
527 3038 700 3094 istum
750 3052 877 3093 esse
910 3035 1191 3108 delatum,
1239 3053 1299 3092 se
1350 3036 1497 3094 scire
1540 3052 1654 3093 non
1697 3035 2011 3094 redditum:
2061 3036 2272 3095 audisti
2321 3045 2377 3096 et
2419 3035 2595 3094 audies
2646 3073 2647 3080 .

407 3126 667 3183 homines
686 3116 737 3203 ⁶)
792 3141 822 3182 e
871 3129 1160 3181 conventu
1206 3122 1594 3195 Syracusano,
1654 3125 1753 3196 qui
1797 3125 1880 3181 ita
1926 3124 2121 3182 dicant
2167 3142 2296 3184 sese
2340 3121 2593 3183 audienti-

404 3215 511 3272 bus
567 3211 711 3270 illud
755 3211 891 3287 ⁸Iovi
935 3211 1165 3285 Optimo
1210 3211 1465 3268 Maximo
1519 3210 1773 3269 dicatum
1829 3227 1957 3269 esse
2011 3212 2088 3269 ab
2150 3230 2292 3287 rege
2337 3209 2591 3270 Antiocho
2642 3251 2648 3266 .

549 3481 611 3546 ’1)
681 3478 937 3531 audirent
1001 3492 1063 3530 ex
1125 3480 1233 3546 opt.
1300 3477 1455 3530 libris
1513 3476 1757 3531 restituit
1820 3478 2041 3545 Zumpt3
2108 3480 2271 3549 vulgo
2325 3475 2587 3532 audierint.

409 3550 463 3617 2)
525 3548 921 3615 percrebruerit
976 3548 1202 3612 Mallem
1283 3547 1650 3614 percrebuerit
1694 3547 1857 3602 Halm
1874 3588 1886 3610 ‚
1953 3548 2045 3601 alii
2111 3566 2231 3603 cum
2305 3550 2414 3603 cod.
2477 3547 2585 3610 Reg.

409 3622 463 3687 3)
508 3619 597 3672 Sic
635 3619 825 3688 optimi
861 3618 1011 3673 codd.
1061 3636 1153 3687 pro
1203 3619 1350 3686 vulg.
1409 3617 1712 3683 audierim,
1763 3618 1903 3687 quod
1951 3619 2148 3687 Zumpt
2202 3625 2257 3674 et
2305 3622 2455 3672 Halm
2502 3630 2585 3668 ser-

409 3693 555 3743 vant.
710 3691 766 3754 4)
804 3689 1134 3742 Praenomen
1176 3689 1236 3756 Q.
1277 3690 1430 3742 deest
1473 3688 1529 3740 in
1572 3692 1681 3755 opt.
1720 3688 1894 3752 libris3
1942 3690 2105 3756 vulgo
2145 3708 2207 3743 ex
2248 3691 2378 3744 dett.
2415 3687 2586 3742 addunt

408 3760 642 3824 Rufum.
789 3760 843 3823 5)
892 3758 1282 3812 candelabrum
1319 3759 1384 3811 de
1422 3759 1556 3812 coni.
1595 3758 1802 3811 addunt
1842 3759 2014 3822 Bake,
2063 3760 2284 3829 Kayser.
2434 3760 2482 3824 6)
2518 3755 2585 3808 Sic

412 3829 581 3883 Cobet
611 3828 776 3891 coni.;
815 3828 972 3881 Klotz
1000 3829 1165 3898 civeS,
1203 3830 1368 3897 vulgo
1397 3846 1459 3883 ex
1495 3829 1643 3883 codd.
1672 3834 1781 3897 opt.
1826 3829 1988 3884 omni.
