2669 4354
929 272 1042 310 Pno
1086 271 1357 311 MVRENA.
2123 258 2242 315 163

76 444 360 501 consulatus
418 444 543 516 ipse
607 444 826 502 nullam
876 449 1095 519 potest3
1156 444 1407 502 obicitur
1468 445 1623 503 enim
1681 446 2044 506 contionibus
2093 446 2243 505 sedi-

75 532 333 605 tiosorum,
397 533 628 591 insidiis
675 533 1130 606 coniuratorum,
1191 533 1325 590 telis
1364 532 1649 592 Catilinae
1668 579 1682 607 ‚
1744 534 1819 591 ad
1864 550 2033 593 omne
2080 535 2244 593 deni-

75 635 156 690 que
214 621 533 692 periculum
602 625 779 693 atque
844 621 918 679 ad
981 637 1205 679 omnem
1282 622 1555 679 iniuriam
1582 617 1632 701 1)
1700 623 1853 680 solus
1914 623 2238 695 opponitur.

77 706 225 776 Quare
280 709 417 781 quid
480 707 851 768 invidendum
903 710 1190 768 Murenae
1252 716 1354 767 aut
1409 710 1673 782 cuiquam
1727 716 1987 767 nostrum
2049 711 2125 768 sit
2179 711 2343 770 in88

75 795 153 852 hoc
187 797 487 869 praeclaro
533 798 867 870 consulatu,
930 814 1043 855 non
1100 797 1302 871 video,
1363 798 1608 855 iudices:
1668 814 1814 870 quae
1874 814 2013 857 vero
2069 798 2240 857 mise-

75 884 215 942 randa
254 892 419 960 sunt,
481 901 553 944 ea
599 892 659 943 et
711 886 850 943 mihi
908 892 1043 943 ante
1092 887 1284 943 oculos
1328 893 1636 943 versantur
1684 892 1743 944 et
1786 902 1887 945 vos
1932 887 2132 946 videre
2181 893 2242 944 et

73 975 353 1045 perspicere
406 975 672 1047 potestis.

208 1060 292 1135 Si,
349 1062 504 1134 quod
563 1062 827 1136 Iuppiter
886 1078 1052 1120 omen
1113 1063 1369 1120 avertat!
1440 1061 1592 1119 hunc
1659 1063 1869 1122 vestris
1937 1063 2243 1121 sententiis

73 1147 394 1224 afflixeritis,
480 1168 593 1222 quo
652 1167 714 1208 se
782 1150 959 1208 miser
1015 1153 1243 1208 vertet?
1345 1150 1714 1208 Domumne‘?
1788 1157 1853 1208 ut
1914 1167 2041 1209 eam
2099 1151 2243 1207 ima-

73 1237 223 1306 ginem
270 1238 581 1297 clarissimi
640 1239 782 1311 viri,
846 1239 1108 1311 parentis
1169 1239 1286 1312 sui,
1354 1254 1526 1310 quam
1583 1239 1784 1309 paucis
1845 1243 1981 1296 ante
2037 1239 2241 1297 diebus

74 1323 350 1385 laureatam
436 1327 502 1384 in
577 1343 682 1385 sua
754 1327 1145 1397 gratulatione
1220 1327 1544 1400 conspexit,
1636 1326 1883 1385 eandem
1955 1326 2242 1384 deforma-

72 1421 160 1470 tam
218 1415 536 1488 ignominia
606 1416 1016 1488 lugentemque
1092 1414 1331 1473 videat?
1423 1430 1498 1471 an
1574 1413 1647 1471 ad
1720 1421 1997 1483 matrem.
2090 1431 2239 1488 quae

30 1510 31 1573 j
74 1503 243 1561 misera
299 1503 472 1561 modo
541 1503 831 1562 consulem
900 1503 1156 1561 osculata
1225 1500 1404 1559 filium
1473 1518 1667 1576 suum,
1733 1519 1887 1560 nunc
1947 1504 2242 1561 cruciatur

75 1595 116 1645 et
152 1592 384 1650 sollicita
431 1596 558 1663 est,
619 1609 693 1650 ne
757 1590 1004 1648 eundem
1066 1591 1238 1663 paulo
1298 1596 1430 1663 post
1484 1590 1792 1662 spoliatum
1849 1592 2003 1648 omni
2057 1590 2243 1664 digni·

30 1683 165 1737 itate
225 1681 583 1753 conspiciat?
672 1679 808 1740 Sed
878 1679 1015 1751 quid
1083 1695 1191 1751 ego
1256 1683 1500 1736 matrem
1568 1679 1692 1736 eius
1717 1674 1769 1758 2)
1837 1684 1938 1737 aut
2011 1678 2241 1737 domum
2261 1678 2342 1735 89

30 1768 284 1842 appelle,
375 1786 552 1841 quem
626 1783 778 1826 nova
854 1784 1047 1841 poena
1120 1767 1266 1840 legis
1346 1772 1407 1824 et
1480 1765 1646 1824 domo
1730 1771 1790 1825 et
1859 1772 2104 1840 parente
2181 1773 2243 1826 et

30 1856 33 1933 j
75 1856 280 1914 omnium
351 1873 593 1915 suorum
651 1855 1072 1914 consuetudine
1137 1859 1564 1926 conspectuque
1623 1855 1855 1926 privat?
1959 1855 2076 1913 Ibit
2133 1855 2243 1928 igi-

30 1938 33 2025 Ji
75 1946 146 1998 tur
175 1945 228 2002 in
285 1946 552 2003 exsilium
609 1945 801 2002 miser.
894 1944 1056 2013 Quo?
1108 1943 1182 2000 ad
1248 1943 1564 2001 Orientisne
1622 1944 1836 2016 partis,
1903 1942 1968 2001 in
2035 1942 2240 2014 quibus

30 2034 216 2107 {annos
281 2035 494 2092 multos
568 2034 796 2104 legatus
868 2032 1010 2106 fuit,
1088 2031 1377 2090 exercitus
1398 2023 1451 2101 ⁸)
1525 2031 1688 2088 duxit
1704 2023 1731 2102 ‚'
1793 2047 1891 2090 res
1964 2032 2241 2088 maximas

30 2140 31 2198 j
77 2121 254 2187 gessit?
350 2123 429 2180 At
490 2120 671 2179 habet
713 2138 983 2194 magnum
1035 2119 1290 2179 dolorem
1310 2164 1326 2193 ,
1362 2118 1538 2187 ‚unde
1592 2135 1720 2177 cum
1773 2121 1994 2177 honore
2041 2119 2240 2179 deces-

30 2205 33 2270 ἐ
76 2208 212 2282 seris,
278 2210 484 2271 eodem
552 2226 682 2267 cum
746 2209 1063 2283 ignominia
1122 2209 1354 2267 reverti.
1466 2209 1560 2265 An
1626 2224 1690 2266 se
1760 2209 1821 2265 in
1894 2210 2242 2266 contrariam

30 2275 33 2368 l
78 2302 266 2364 partem
329 2306 628 2358 terrarum
698 2298 904 2371 abdet,
985 2304 1050 2355 ut
1113 2297 1303 2355 Gallia
1370 2296 1752 2370 Transalpina
1815 2314 1987 2370 quem
2061 2314 2248 2370 nuper

30 2373 33 2462 {t
78 2395 252 2443 summo
321 2405 450 2445 cum
519 2387 764 2459 imperio
832 2385 1210 2444 libentissime
1279 2385 1522 2459 viderit,
1616 2384 1866 2442 eundem
1931 2385 2242 2457 lugentem,

30 2465 33 2544 l
78 2482 419 2549 maerentem,
487 2475 742 2532 exsulem
787 2474 1023 2532 videat?
1107 2474 1176 2530 In
1225 2489 1296 2531 ea
1336 2489 1510 2546 porro
1555 2474 1849 2546 provincia
1895 2490 2005 2546 quo
2050 2474 2242 2532 animo

30 2545 33 2624 ξ
80 2554 124 2613 C.
155 2559 443 2622 Murenam
503 2563 742 2620 fratrem
795 2580 959 2620 suum
1005 2562 1274 2634 aspiciet!
1338 2561 1438 2633 qui
1489 2561 1655 2619 huius
1700 2561 1894 2635 dolor,
1953 2562 2050 2633 qui
2087 2561 2243 2619 illius

30 2625 35 2762 ἓ
79 2659 261 2707 maeror
319 2654 458 2725 erit,
527 2666 673 2723 quae
732 2652 1028 2722 utriusque
1090 2649 1462 2707 lamentatio!
1566 2649 1794 2721 Quanta
1854 2656 2048 2707 autem
2107 2665 2240 2722 per-

30 2771 33 2792 r
77 2734 285 2796 turbatio
329 2740 605 2798 fortunae
650 2743 826 2811 atque
885 2739 1193 2811 sermome,
1255 2754 1381 2795 cum
1399 2734 1483 2818 4),
1539 2737 1740 2809 quibus
1791 2739 1852 2794 in
1909 2738 2051 2795 locis
2096 2753 2240 2809 pau-

30 2839 33 2888 l
80 2820 138 2877 cis
182 2831 305 2887 ante
370 2826 576 2886 diebus
640 2825 859 2884 factum
927 2842 1055 2884 esse
1121 2826 1414 2884 consulem
1469 2826 1776 2885 Murenam
1836 2826 2025 2884 nuntii
2084 2825 2241 2883 litte·

77 2923 252 2984 raeque
303 2916 659 2975 celebrarint
681 2909 733 2994 ⁵)
779 2920 841 2972 et
894 2914 1046 2972 unde
1102 2914 1362 2986 hospites
1426 2921 1599 2986 atque
1654 2914 1824 2972 amici
1885 2913 2238 2987 gratulatum

30 3011 31 3078 ξ
76 2992 271 3060 Romam
309 3004 738 3075 concurrerint,
794 3008 1039 3074 repente
1097 2995 1380 3081 existet⁶)
1435 3002 1560 3077 ipse
1615 3003 1849 3061 nuntius
1899 3017 2040 3059 suae
2089 3002 2239 3058 cala-

30 3099 31 3132 }
77 3085 277 3148 mitatis!
380 3093 545 3164 Quae
588 3092 638 3149 si
683 3090 925 3164 acerba,
981 3090 1030 3149 si
1074 3091 1320 3163 misera,
1383 3090 1432 3147 si
1480 3091 1741 3148 luctuosa
1786 3095 1943 3163 sunt,
2001 3090 2050 3147 si
2096 3089 2239 3147 alie·
2260 3087 2342 3143 90

30 3177 33 3214 l
78 3170 268 3235 nissima
332 3196 366 3237 a
433 3178 874 3237 mansuetudine
931 3184 991 3236 et
1044 3177 1441 3237 misericordia
1498 3185 1719 3252 vestra,
1786 3178 2032 3251 iudiceS,
2108 3193 2239 3234 con-

30 3225 33 3320 ?
79 3270 263 3323 servate
329 3268 526 3342 populi
587 3267 834 3325 Romani
903 3265 1280 3340 beneficium,
1348 3267 1576 3325 reddite
1635 3267 1723 3326 rei
1786 3266 2048 3338 publicae
2106 3282 2241 3323 con-

30 3383 33 3418 l

30 3425 33 3456 Γ

30 3469 31 3526 5
80 3456 169 3513 latu
213 3467 360 3523 Halm
406 3469 701 3523 insiticium
758 3486 878 3523 esse
935 3467 1252 3537 suspicatur.
1469 3469 1521 3536 1)
1575 3466 1846 3526 iniuriam
1894 3467 2241 3521 Halbertsma

30 3535 31 3560 ³
78 3527 234 3591 Mnem.
268 3538 357 3605 VI,
397 3542 522 3604 1673
561 3538 831 3593 invidiam
867 3539 1023 3593 codd.
1186 3539 1240 3606 2)
1278 3538 1366 3591 Sic
1404 3539 1596 3601 Halm;
1634 3538 1691 3591 in
1729 3538 1881 3592 codd.
1922 3538 2075 3592 deest
2109 3538 2238 3591 eius.

30 3607 31 3648 ;
78 3596 245 3669 Kayser
274 3610 402 3674 quid
437 3611 550 3663 eius
581 3615 837 3671 matrem,
889 3626 993 3662 om.
1031 3625 1139 3676 eqo.
1367 3610 1421 3676 3)
1469 3607 1637 3663 Codd.
1676 3615 1727 3662 et
1761 3607 2028 3662 exereitus
2064 3607 2239 3675 duxit,

80 3673 116 3719 et
144 3671 229 3729 del.
263 3677 431 3735 Halm.
576 3681 632 3750 4)
673 3696 795 3734 cum
830 3680 1025 3742 Halm;
1063 3679 1214 3733 codd.
1251 3679 1413 3745 quod.
1546 3680 1600 3746 5)
1641 3679 1731 3732 Sic
1766 3679 2011 3740 Richter,
2050 3680 2238 3743 Halm3

81 3741 200 3797 codd.
244 3748 617 3813 celebrassent,
668 3752 762 3804 sed
809 3750 999 3805 deinde
1043 3748 1444 3815 concurrerv‘mt,
1496 3749 1638 3803 unde
1673 3750 1837 3814 Boot,
1887 3749 2094 3818 Kayser
2142 3765 2241 3803 scr.

82 3811 368 3941 ἓὲῖέἒῖαζῗπτ
401 3854 468 3863 -
510 3827 917 3876 concwrrerant.
1073 3821 1129 3888 6)
1176 3820 1263 3875 Sic
1311 3819 1638 3884 Guilelmus;
1700 3820 1851 3875 codd.
1906 3819 2109 3874 excidet
2156 3820 2241 3873 vel

147 3901 375 4023 Gigmoratt.
407 3979 514 4024 Sell.
1722 3970 1753 4024 1
1767 3969 1798 4023 1
