2669 4354
753 226 833 264 DE
878 226 1124 265 IMPERIO
1167 227 1260 266 GN.
1306 227 1546 266 POMPEI.
2175 214 2255 272 57

75 403 289 470 quantas
336 398 699 457 calamitates
716 443 731 472 ,
787 415 1151 471 quocumque
1207 405 1448 459 ventum
1501 400 1577 457 sit
1598 394 1682 480 ¹),
1729 401 1912 459 nostri
1971 403 2260 461 exercitus

74 484 263 562 ferant,
321 489 451 560 quis
502 487 771 559 ignorat?
870 487 1094 545 Itinera
1153 504 1304 559 quae
1365 506 1474 561 per
1535 487 1708 546 hosce
1756 505 1936 547 annos
1979 489 2041 546 in
2085 488 2260 549 Italia
2278 499 2358 556 38

75 593 160 647 per
211 591 377 649 agros
430 580 609 648 atque
664 575 874 648 oppida
929 575 1141 633 civium
1192 574 1582 634 Romanorum
1640 579 1844 655 nostri,
1877 577 2259 648 imperatores

76 661 319 737 fecerint,
375 663 791 736 recordamini,
851 668 973 721 tum
1018 663 1245 722 facilius
1288 665 1587 738 statuetiS,
1642 665 1782 738 quid
1829 665 1987 738 apud
2030 671 2259 725 exteras

74 752 305 810 nationes
353 750 482 809 fieri
541 752 899 809 existimetis.
998 751 1209 809 Utrum
1264 753 1465 823 plures
1526 753 1886 811 arbitramini
1935 770 2043 824 per
2083 754 2258 813 hosce

73 855 220 896 annos
264 840 513 897 militum
559 843 883 897 vestrorum
929 840 1104 897 armis
1148 840 1399 898 hostium
1443 841 1621 899 urbes
1665 858 1740 898 an
1769 840 2029 898 hibernis
2074 843 2258 901 socio-

71 944 174 985 rum
228 927 492 987 civitates
550 944 677 986 esse
747 927 1011 985 deletas?
1112 928 1318 1001 Neque
1374 929 1527 987 enim
1584 935 1777 1001 potest
1836 929 2152 987 exercitum
2209 932 2258 989 is

71 1017 337 1074 continere
396 1017 738 1088 imperator,
803 1016 904 1088 qui
961 1031 1024 1072 se
1074 1016 1198 1089 ipse
1258 1034 1375 1075 non
1424 1017 1708 1086 continet,
1767 1034 1959 1088 neque
2019 1035 2258 1076 severus

71 1120 174 1162 esse
215 1105 274 1161 in
314 1103 658 1177 iudicando,
703 1103 802 1175 qui
849 1103 993 1161 alios
1037 1104 1099 1161 in
1143 1122 1204 1162 se
1254 1121 1489 1163 severos
1534 1122 1662 1163 esse
1708 1105 1932 1162 iudices
1962 1121 2076 1162 non
2121 1107 2256 1165 volt.

69 1191 158 1248 Hic
217 1193 498 1250 miramur
565 1191 720 1249 hunc
783 1191 1074 1249 hominem
1132 1196 1360 1250 tantum
1431 1193 1718 1251 excellere
1785 1193 2023 1267 6616116,
2090 1195 2257 1253 6111116
2277 1197 2358 1255 39

68 1279 294 1352 legiones
353 1281 438 1338 sic
491 1280 554 1338 in
611 1279 807 1336 Asiam
852 1281 1228 1351 pervenerint
1245 1275 1300 1361 ²)
1318 1326 1334 1354 ,
1375 1286 1442 1338 ut
1486 1297 1600 1338 non
1647 1281 1814 1338 modo
1861 1296 2066 1338 manus
2109 1283 2259 1340 tanti

70 1368 327 1427 exercitus
342 1413 358 1442 ,
432 1367 538 1426 sed
594 1385 669 1425 ne
727 1368 1033 1441 vestigium
1108 1368 1344 1440 quidem
1397 1369 1666 1440 cuiquam
1725 1373 1934 1442 pacato
1989 1370 2258 1428 nocuisse

69 1453 304 1514 dicatur?
412 1457 535 1513 Iam
594 1472 731 1514 vero
792 1470 966 1527 quem
1011 1455 1085 1512 ad
1127 1455 1361 1514 modum
1405 1457 1617 1515 milites
1663 1456 1999 1530 hibernent,
2045 1458 2256 1516 cotidie

68 1559 332 1604 sermones
376 1561 448 1602 ac
491 1544 726 1602 litterae
770 1540 1164 1615 perferuntur.
1252 1545 1386 1601 Non
1434 1545 1600 1603 modo
1627 1550 1713 1602 ’111
1743 1550 2034 1617 sumptum
2079 1546 2259 1604 saciat

65 1631 113 1687 16
146 1633 383 1692 611111661
427 1631 647 1690 11661161
691 1633 777 1690 vis
822 1629 1103 1703 adfertur,
1148 1631 1251 1690 sed
1294 1650 1368 1691 ne
1422 1634 1682 1706 cupienti
1727 1631 1962 1705 quidem
1989 1632 2257 1706 cuiquam

63 1722 406 1790 permittitur.
516 1719 741 1777 Hiemis
810 1720 992 1793 enim,
1059 1734 1175 1776 non
1250 1721 1533 1778 avaritiae
1610 1719 1939 1793 perfugium
2010 1722 2257 1780 maiores

10 1816 11 1819 ’
66 1810 215 1866 nostri
258 1811 320 1866 in
352 1807 639 1867 sociorum
686 1813 863 1881 atque
906 1808 1221 1865 amicorum
1256 1808 1427 1866 tectis
1473 1825 1601 1866 esse
1644 1808 1970 1867 voluerunt.

205 1897 335 1969 Age
376 1913 518 1954 vero
557 1897 766 1953 ceteris
811 1897 872 1953 in
917 1895 1095 1953 rebus
1140 1911 1256 1968 qua
1298 1895 1400 1953 ille
1420 1890 1472 1976 3)
1516 1898 1591 1954 sit
1621 1896 2027 1970 temperantia,
2069 1897 2256 1955 consi-
2272 1893 2363 1958 14
2445 1958 2453 1966 ,

64 1981 248 2043 derate.
361 1984 531 2043 Unde
605 1983 764 2041 illam
836 1988 1054 2041 tantam
1119 1983 1482 2042 celeritatem
1544 1990 1603 2043 et
1668 1990 1786 2043 tam
1852 1984 2255 2043 incredibilem
2274 1988 2359 2044 40

65 2088 262 2130 cursum
321 2075 626 2131 inventum
643 2066 696 2146 4)
758 2072 1021 2144 putatis?
1106 2072 1239 2130 Non
1285 2073 1441 2130 66161
1494 2073 1657 2130 illum
1703 2072 1914 2130 eximia
1960 2073 2045 2129 vis
2082 2074 2257 2130 remi-

67 2176 172 2232 gum
210 2166 313 2220 aut
358 2177 454 2220 ars
499 2159 765 2218 inaudita
809 2159 1095 2233 quaedam
1141 2160 1505 2233 gubernandi
1552 2166 1656 2219 aut
1699 2160 1857 2219 venti
1903 2160 2081 2234 aliqui
2123 2162 2253 2220 novi

67 2252 158 2306 tam
197 2251 474 2308 celeriter
517 2250 580 2306 in
626 2249 861 2306 ultimas
891 2254 1081 2306 terras
1111 2250 1515 2323 pertulerunt,
1562 2250 1665 2308 sed
1710 2267 1816 2307 666
1843 2242 1895 2328 ⁵)
1939 2266 2056 2323 reS,
2102 2265 2253 2322 quae

67 2340 258 2396 ceteros
300 2337 585 2397 remorari
632 2336 856 2410 solent,
899 2353 1016 2395 non
1061 2323 1459 2396 161611161661·
1522 2355 1639 2396 666
1682 2338 1929 2397 avaritia
1974 2337 2046 2396 ab
2094 2338 2257 2396 insti-

66 2427 168 2483 tuto
234 2444 408 2484 cursu
489 2425 564 2483 ad
644 2424 921 2497 praedam
996 2425 1250 2497 aliquam
1328 2425 1662 2499 devocavit,
1746 2443 1862 2484 non
1926 2425 2106 2484 libido
2181 2426 2255 2484 ad

64 2513 416 2588 voluptatem,
464 2530 582 2571 non
620 2514 938 2570 amoenitas
985 2512 1057 2570 ad
1104 2512 1581 2588 delectationem,
1629 2530 1745 2571 non
1790 2513 2059 2572 nobilitas
2093 2514 2256 2572 urbis

65 2599 122 2657 ad
169 2603 580 2676 cognitionem,
639 2617 755 2658 non
815 2600 1069 2672 denique
1127 2601 1293 2660 labor
1338 2602 1463 2675 ipse
1504 2602 1578 2660 ad
1621 2603 1909 2675 quietem;
1965 2606 2254 2674 postremo

65 2688 202 2761 signa
264 2697 324 2749 et
385 2690 617 2748 tabulas
685 2693 1001 2761 ceteraque
1077 2695 1420 2748 ornamenta
1481 2689 1839 2749 Graecorum
1898 2690 2256 2763 oppidorum,

64 2793 188 2846 quae
243 2778 423 2837 ceteri
481 2777 740 2835 tollenda
807 2793 935 2835 6666
1003 2776 1379 2852 arbitrantur,
1440 2794 1513 2837 66
1570 2779 1677 2836 sibi
1736 2778 1836 2836 ille
1897 2795 1971 2835 ne
2017 2776 2258 2835 visenda

63 2865 267 2933 quidem
321 2866 688 2925 existimavit.
787 2866 994 2937 Itaque
1052 2881 1250 2923 omnes
1297 2883 1453 2923 nunc
1499 2866 1560 2922 in
1622 2866 1694 2923 iis
1740 2864 1883 2923 locis
1939 2863 2041 2922 Cn.
2088 2865 2257 2923 Pom·
2275 2864 2353 2920 41

64 2952 235 3022 peium
295 2956 447 3013 sicut
513 2954 769 3025 aliquem
833 2970 947 3010 non
994 2968 1066 3010 ex
1125 2954 1233 3011 hac
1291 2953 1439 3012 urbe
1494 2954 1762 3027 missum,
1825 2952 1928 3010 sed
1969 2953 2042 3010 de
2090 2954 2254 3011 caelo

65 3037 337 3114 delapsum
415 3043 750 3113 intuentur3
827 3057 984 3099 nunc
1042 3040 1294 3114 denique
1376 3042 1664 3115 incipiunt
1730 3040 1972 3100 credere
1991 3085 2006 3114 ,
2074 3040 2255 3099 fuisse

64 3126 295 3189 homines
338 3131 628 3189 Romanos
666 3130 782 3187 hac
827 3128 1113 3201 quondam
1151 3130 1534 3203 continentia,
1581 3130 1734 3202 quod
1777 3129 1894 3187 iam
1927 3128 2257 3187 nationibus

66 3218 255 3275 exteris
310 3218 654 3276 incredibile
702 3234 771 3274 ac
815 3217 962 3274 falso
1006 3219 1319 3276 memoriae
1367 3219 1657 3292 proditum
1709 3217 2048 3291 videbatur,
2101 3234 2257 3275 nunc

66 3302 265 3375 imperii
307 3308 489 3365 vestri
535 3305 806 3379 splendor
851 3306 966 3363 illis
1011 3306 1280 3378 gentibus
1327 3306 1517 3364 lucem
1556 3306 1787 3364 adferre
1836 3307 2055 3378 coepit3
2101 3318 2257 3363 nunc

10 3383 11 3388 ’
64 3390 380 3469 intellegunt
424 3412 541 3452 non
586 3394 711 3451 sine
743 3409 919 3451 causa
947 3395 1196 3451 maiores
1226 3409 1362 3451 snos
1404 3400 1553 3468 tum,
1600 3405 1725 3451 cum
1763 3411 1834 3452 ea
1868 3395 2258 3467 temperantia

64 3482 406 3553 magistratus
467 3482 858 3555 habebamuS,
915 3482 1133 3541 servire
1180 3484 1392 3555 populo
1446 3484 1703 3541 Romano
1750 3495 1922 3555 quam
1965 3484 2255 3556 imperare

10 3755 11 3780 1
211 3715 261 3780 1)
299 3718 377 3767 est
412 3714 599 3775 Halm,
638 3712 932 3767 Eberhard.
1070 3713 1122 3780 2)
1155 3718 1518 3779 pervenerunt
1554 3713 1707 3767 codd
1748 3718 1945 3769 recent.
2054 3715 2108 3783 3)
2145 3731 2258 3781 qua

10 3797 11 3840 3
68 3777 137 3832 ille
168 3783 355 3837 Halm:
411 3783 591 3852 qualis
637 3783 789 3838 codd.
832 3783 1102 3852 plerique,
1152 3784 1316 3852 vulgo
1356 3800 1484 3850 qua.
1694 3785 1750 3851 4)
1788 3790 1983 3837 natum
2034 3786 2117 3837 vel
2155 3785 2258 3837 ini·

70 3852 159 3902 tum
192 3855 325 3910 coni.
363 3854 610 3908 Lambin.
776 3855 831 3922 5)
870 3853 1039 3908 Codd.
1077 3852 1196 3908 hae.
