<?xml version="1.0" encoding="UTF-8"?>
<!DOCTYPE html PUBLIC "-//W3C//DTD XHTML 1.0 Transitional//EN"
    "http://www.w3.org/TR/xhtml1/DTD/xhtml1-transitional.dtd">
<html xmlns="http://www.w3.org/1999/xhtml" xml:lang="en" lang="en">
 <head>
  <title>
</title>
<meta http-equiv="Content-Type" content="text/html;charset=utf-8" />
  <meta name='ocr-system' content='tesseract 3.04.00' />
  <meta name='ocr-capabilities' content='ocr_page ocr_carea ocr_par ocr_line ocrx_word'/>
</head>
<body>
  <div class='ocr_page' id='page_1' title='image "./orationesselect02cicegoog/orationesselect02cicegoog_0095.png"; bbox 0 0 2669 4354; ppageno 0'>
   <div class='ocr_carea' id='block_1_1' title="bbox 912 240 2243 296">
    <p class='ocr_par' dir='ltr' id='par_1_1' title="bbox 912 240 2243 296">
     <span class='ocr_line' id='line_1_1' title="bbox 912 240 2243 296; baseline -0.001 0"><span class='ocrx_word' id='word_1_1' title='bbox 912 257 978 296; x_wconf 80' lang='lat' dir='ltr'>m</span> <span class='ocrx_word' id='word_1_2' title='bbox 1021 255 1372 296; x_wconf 66' lang='lat' dir='ltr'>mmmmm.</span> <span class='ocrx_word' id='word_1_3' title='bbox 2164 240 2243 296; x_wconf 88' lang='lat'>83</span> 
     </span>
    </p>
   </div>
   <div class='ocr_carea' id='block_1_2' title="bbox 75 429 2359 3490">
    <p class='ocr_par' dir='ltr' id='par_1_2' title="bbox 75 429 2306 1473">
     <span class='ocr_line' id='line_1_2' title="bbox 79 429 2247 503; baseline 0 -18"><span class='ocrx_word' id='word_1_4' title='bbox 79 432 266 503; x_wconf 80' lang='lat' dir='ltr'>venire,</span> <span class='ocrx_word' id='word_1_5' title='bbox 348 431 445 502; x_wconf 89' lang='lat' dir='ltr'>qui</span> <span class='ocrx_word' id='word_1_6' title='bbox 509 430 697 487; x_wconf 84' lang='lat' dir='ltr'><strong>nitent</strong></span> <span class='ocrx_word' id='word_1_7' title='bbox 766 430 1074 502; x_wconf 89' lang='lat' dir='ltr'>unguentis</span> <span class='ocrx_word' id='word_1_8' title='bbox 1093 473 1108 502; x_wconf 97' lang='lat'>,</span> <span class='ocrx_word' id='word_1_9' title='bbox 1185 431 1282 501; x_wconf 90' lang='lat' dir='ltr'>qui</span> <span class='ocrx_word' id='word_1_10' title='bbox 1349 429 1577 501; x_wconf 82' lang='lat' dir='ltr'><strong>fulgent</strong></span> <span class='ocrx_word' id='word_1_11' title='bbox 1649 446 1934 502; x_wconf 82' lang='lat' dir='ltr'>purpura,</span> <span class='ocrx_word' id='word_1_12' title='bbox 2018 429 2247 487; x_wconf 88' lang='lat' dir='ltr'>mallem</span> 
     </span>
     <span class='ocr_line' id='line_1_3' title="bbox 81 511 2249 595; baseline 0 -21"><span class='ocrx_word' id='word_1_13' title='bbox 81 534 239 575; x_wconf 85' lang='lat' dir='ltr'>secum</span> <span class='ocrx_word' id='word_1_14' title='bbox 284 514 436 593; x_wconf 89' lang='lat' dir='ltr'>[snos</span> <span class='ocrx_word' id='word_1_15' title='bbox 480 513 715 592; x_wconf 82' lang='lat' dir='ltr'><strong>milites]</strong></span> <span class='ocrx_word' id='word_1_16' title='bbox 739 511 791 595; x_wconf 87' lang='lat' dir='ltr'>l)</span> <span class='ocrx_word' id='word_1_17' title='bbox 840 516 1157 589; x_wconf 74' lang='lat' dir='ltr'>eduxisset:</span> <span class='ocrx_word' id='word_1_18' title='bbox 1199 517 1297 588; x_wconf 90' lang='lat' dir='ltr'>qui</span> <span class='ocrx_word' id='word_1_19' title='bbox 1344 518 1392 575; x_wconf 89' lang='lat' dir='ltr'>si</span> <span class='ocrx_word' id='word_1_20' title='bbox 1434 518 1531 575; x_wconf 91' lang='lat' dir='ltr'>hic</span> <span class='ocrx_word' id='word_1_21' title='bbox 1573 522 1949 590; x_wconf 81' lang='lat' dir='ltr'>permanent,</span> <span class='ocrx_word' id='word_1_22' title='bbox 1994 532 2249 575; x_wconf 92' lang='lat' dir='ltr'>memen-</span> 
     </span>
     <span class='ocr_line' id='line_1_4' title="bbox 81 604 2250 678; baseline 0 -17"><span class='ocrx_word' id='word_1_23' title='bbox 81 612 173 663; x_wconf 85' lang='lat' dir='ltr'>tote</span> <span class='ocrx_word' id='word_1_24' title='bbox 227 623 334 664; x_wconf 93' lang='lat' dir='ltr'>non</span> <span class='ocrx_word' id='word_1_25' title='bbox 382 612 501 663; x_wconf 90' lang='lat' dir='ltr'>tam</span> <span class='ocrx_word' id='word_1_26' title='bbox 548 605 867 664; x_wconf 83' lang='lat' dir='ltr'>exercitum</span> <span class='ocrx_word' id='word_1_27' title='bbox 915 605 1076 662; x_wconf 93' lang='lat' dir='ltr'>illum</span> <span class='ocrx_word' id='word_1_28' title='bbox 1121 619 1250 661; x_wconf 91' lang='lat' dir='ltr'>esse</span> <span class='ocrx_word' id='word_1_29' title='bbox 1295 604 1463 663; x_wconf 89' lang='lat' dir='ltr'>nobis</span> <span class='ocrx_word' id='word_1_30' title='bbox 1509 621 1676 677; x_wconf 90' lang='lat' dir='ltr'>quam</span> <span class='ocrx_word' id='word_1_31' title='bbox 1727 605 1862 678; x_wconf 85' lang='lat' dir='ltr'>hos,</span> <span class='ocrx_word' id='word_1_32' title='bbox 1926 606 2026 676; x_wconf 91' lang='lat' dir='ltr'>qui</span> <span class='ocrx_word' id='word_1_33' title='bbox 2084 620 2250 661; x_wconf 87' lang='lat' dir='ltr'>exer-</span> 
     </span>
     <span class='ocr_line' id='line_1_5' title="bbox 79 692 2251 767; baseline 0 -18"><span class='ocrx_word' id='word_1_34' title='bbox 79 694 217 752; x_wconf 80' lang='lat' dir='ltr'>citum</span> <span class='ocrx_word' id='word_1_35' title='bbox 276 694 660 751; x_wconf 87' lang='lat' dir='ltr'>deseruerunt</span> <span class='ocrx_word' id='word_1_36' title='bbox 677 737 693 767; x_wconf 96' lang='lat'>,</span> <span class='ocrx_word' id='word_1_37' title='bbox 781 692 1295 766; x_wconf 66' lang='lat' dir='ltr'>pertimescendos</span> <span class='ocrx_word' id='word_1_38' title='bbox 1425 692 1620 764; x_wconf 82' lang='lat' dir='ltr'><strong>Atque</strong></span> <span class='ocrx_word' id='word_1_39' title='bbox 1692 692 1803 751; x_wconf 90' lang='lat' dir='ltr'>hoc</span> <span class='ocrx_word' id='word_1_40' title='bbox 1877 692 2056 750; x_wconf 90' lang='lat' dir='ltr'>etiam</span> <span class='ocrx_word' id='word_1_41' title='bbox 2119 698 2251 750; x_wconf 89' lang='lat' dir='ltr'>sunt</span> 
     </span>
     <span class='ocr_line' id='line_1_6' title="bbox 78 780 2247 854; baseline -0.001 -16"><span class='ocrx_word' id='word_1_42' title='bbox 78 782 276 838; x_wconf 89' lang='lat' dir='ltr'>timendi</span> <span class='ocrx_word' id='word_1_43' title='bbox 336 782 551 853; x_wconf 84' lang='lat' dir='ltr'>magis,</span> <span class='ocrx_word' id='word_1_44' title='bbox 626 781 778 853; x_wconf 89' lang='lat' dir='ltr'>quod</span> <span class='ocrx_word' id='word_1_45' title='bbox 837 780 975 852; x_wconf 92' lang='lat' dir='ltr'>quid</span> <span class='ocrx_word' id='word_1_46' title='bbox 1035 780 1293 853; x_wconf 83' lang='lat' dir='ltr'>cogitent</span> <span class='ocrx_word' id='word_1_47' title='bbox 1344 797 1437 838; x_wconf 93' lang='lat' dir='ltr'>me</span> <span class='ocrx_word' id='word_1_48' title='bbox 1482 782 1633 838; x_wconf 88' lang='lat' dir='ltr'>scire</span> <span class='ocrx_word' id='word_1_49' title='bbox 1693 781 1985 854; x_wconf 88' lang='lat' dir='ltr'>sentiunt,</span> <span class='ocrx_word' id='word_1_50' title='bbox 2060 795 2247 853; x_wconf 90' lang='lat' dir='ltr'>neque</span> 
     </span>
     <span class='ocr_line' id='line_1_7' title="bbox 79 868 2306 942; baseline 0 -17"><span class='ocrx_word' id='word_1_51' title='bbox 79 874 233 926; x_wconf 82' lang='lat' dir='ltr'>tamen</span> <span class='ocrx_word' id='word_1_52' title='bbox 294 875 722 942; x_wconf 84' lang='lat' dir='ltr'>permoventur.</span> <span class='ocrx_word' id='word_1_53' title='bbox 835 868 1019 926; x_wconf 92' lang='lat' dir='ltr'>Video</span> <span class='ocrx_word' id='word_1_54' title='bbox 1071 868 1162 925; x_wconf 93' lang='lat' dir='ltr'>cui</span> <span class='ocrx_word' id='word_1_55' title='bbox 1219 868 1294 925; x_wconf 89' lang='lat' dir='ltr'>sit</span> <span class='ocrx_word' id='word_1_56' title='bbox 1334 868 1548 940; x_wconf 82' lang='lat' dir='ltr'>Apulia</span> <span class='ocrx_word' id='word_1_57' title='bbox 1601 868 1904 939; x_wconf 90' lang='lat' dir='ltr'>attributa,</span> <span class='ocrx_word' id='word_1_58' title='bbox 1965 868 2094 941; x_wconf 89' lang='lat' dir='ltr'>quis</span> <span class='ocrx_word' id='word_1_59' title='bbox 2146 868 2249 926; x_wconf 90' lang='lat' dir='ltr'>ha·</span> <span class='ocrx_word' id='word_1_60' title='bbox 2270 870 2306 927; x_wconf 82' lang='lat'>6</span> 
     </span>
     <span class='ocr_line' id='line_1_8' title="bbox 79 954 2250 1031; baseline -0.001 -17"><span class='ocrx_word' id='word_1_61' title='bbox 79 956 182 1014; x_wconf 85' lang='lat' dir='ltr'>beat</span> <span class='ocrx_word' id='word_1_62' title='bbox 217 957 540 1031; x_wconf 83' lang='lat' dir='ltr'>Etruriam,</span> <span class='ocrx_word' id='word_1_63' title='bbox 598 957 727 1028; x_wconf 89' lang='lat' dir='ltr'>quis</span> <span class='ocrx_word' id='word_1_64' title='bbox 787 972 989 1029; x_wconf 86' lang='lat' dir='ltr'>agrum</span> <span class='ocrx_word' id='word_1_65' title='bbox 1031 956 1342 1029; x_wconf 85' lang='lat' dir='ltr'>Picenum,</span> <span class='ocrx_word' id='word_1_66' title='bbox 1407 957 1533 1028; x_wconf 88' lang='lat' dir='ltr'>quis</span> <span class='ocrx_word' id='word_1_67' title='bbox 1579 954 1864 1014; x_wconf 89' lang='lat' dir='ltr'>Gallicum</span> <span class='ocrx_word' id='word_1_68' title='bbox 1881 1000 1897 1028; x_wconf 93' lang='lat'>,</span> <span class='ocrx_word' id='word_1_69' title='bbox 1956 956 2084 1027; x_wconf 89' lang='lat' dir='ltr'>quis</span> <span class='ocrx_word' id='word_1_70' title='bbox 2140 956 2250 1013; x_wconf 87' lang='lat' dir='ltr'>sibi</span> 
     </span>
     <span class='ocr_line' id='line_1_9' title="bbox 76 1043 2248 1116; baseline 0 -17"><span class='ocrx_word' id='word_1_71' title='bbox 76 1044 155 1101; x_wconf 83' lang='lat' dir='ltr'>has</span> <span class='ocrx_word' id='word_1_72' title='bbox 205 1043 452 1103; x_wconf 88' lang='lat' dir='ltr'>urbanas</span> <span class='ocrx_word' id='word_1_73' title='bbox 528 1044 767 1102; x_wconf 88' lang='lat' dir='ltr'>insidias</span> <span class='ocrx_word' id='word_1_74' title='bbox 836 1043 1029 1101; x_wconf 88' lang='lat' dir='ltr'>caedis</span> <span class='ocrx_word' id='word_1_75' title='bbox 1100 1048 1276 1114; x_wconf 89' lang='lat' dir='ltr'>atque</span> <span class='ocrx_word' id='word_1_76' title='bbox 1346 1043 1744 1102; x_wconf 84' lang='lat' dir='ltr'>incendiorum</span> <span class='ocrx_word' id='word_1_77' title='bbox 1813 1044 2248 1116; x_wconf 82' lang='lat' dir='ltr'>depoposcerit:</span> 
     </span>
     <span class='ocr_line' id='line_1_10' title="bbox 78 1125 2250 1211; baseline 0 -23"><span class='ocrx_word' id='word_1_78' title='bbox 78 1133 231 1190; x_wconf 89' lang='lat' dir='ltr'>omnia</span> <span class='ocrx_word' id='word_1_79' title='bbox 290 1133 607 1206; x_wconf 89' lang='lat' dir='ltr'>superioris</span> <span class='ocrx_word' id='word_1_80' title='bbox 662 1133 846 1190; x_wconf 88' lang='lat' dir='ltr'>noctis</span> <span class='ocrx_word' id='word_1_81' title='bbox 896 1132 1137 1189; x_wconf 91' lang='lat' dir='ltr'>consilia</span> <span class='ocrx_word' id='word_1_82' title='bbox 1183 1131 1258 1189; x_wconf 92' lang='lat' dir='ltr'>ad</span> <span class='ocrx_word' id='word_1_83' title='bbox 1312 1146 1406 1188; x_wconf 90' lang='lat' dir='ltr'>me</span> <span class='ocrx_word' id='word_1_84' title='bbox 1451 1130 1645 1189; x_wconf 88' lang='lat' dir='ltr'>delata</span> <span class='ocrx_word' id='word_1_85' title='bbox 1667 1125 1720 1211; x_wconf 73' lang='lat'>²)</span> <span class='ocrx_word' id='word_1_86' title='bbox 1773 1148 1900 1189; x_wconf 88' lang='lat' dir='ltr'>esse</span> <span class='ocrx_word' id='word_1_87' title='bbox 1961 1132 2250 1203; x_wconf 72' lang='lat' dir='ltr'>sentiunt,</span> 
     </span>
     <span class='ocr_line' id='line_1_11' title="bbox 79 1217 2252 1293; baseline 0 -17"><span class='ocrx_word' id='word_1_88' title='bbox 79 1220 290 1290; x_wconf 82' lang='lat' dir='ltr'>patefeci</span> <span class='ocrx_word' id='word_1_89' title='bbox 341 1223 405 1278; x_wconf 94' lang='lat' dir='ltr'>in</span> <span class='ocrx_word' id='word_1_90' title='bbox 464 1226 673 1279; x_wconf 89' lang='lat' dir='ltr'>senatu</span> <span class='ocrx_word' id='word_1_91' title='bbox 728 1221 1003 1278; x_wconf 90' lang='lat' dir='ltr'>hesterno</span> <span class='ocrx_word' id='word_1_92' title='bbox 1055 1219 1184 1276; x_wconf 91' lang='lat' dir='ltr'>die:</span> <span class='ocrx_word' id='word_1_93' title='bbox 1252 1217 1502 1277; x_wconf 83' lang='lat' dir='ltr'>Catilina</span> <span class='ocrx_word' id='word_1_94' title='bbox 1554 1219 1682 1292; x_wconf 88' lang='lat' dir='ltr'>ipse</span> <span class='ocrx_word' id='word_1_95' title='bbox 1737 1220 2059 1293; x_wconf 86' lang='lat' dir='ltr'>pertimuit,</span> <span class='ocrx_word' id='word_1_96' title='bbox 2122 1235 2252 1291; x_wconf 92' lang='lat' dir='ltr'>pro-</span> 
     </span>
     <span class='ocr_line' id='line_1_12' title="bbox 76 1306 2248 1382; baseline 0.001 -19"><span class='ocrx_word' id='word_1_97' title='bbox 76 1306 215 1380; x_wconf 83' lang='lat' dir='ltr'>fugit:</span> <span class='ocrx_word' id='word_1_98' title='bbox 257 1309 316 1366; x_wconf 90' lang='lat' dir='ltr'>hi</span> <span class='ocrx_word' id='word_1_99' title='bbox 358 1309 501 1382; x_wconf 92' lang='lat' dir='ltr'>quid</span> <span class='ocrx_word' id='word_1_100' title='bbox 547 1310 930 1381; x_wconf 78' lang='lat' dir='ltr'>exspectant?</span> <span class='ocrx_word' id='word_1_101' title='bbox 1018 1307 1108 1365; x_wconf 89' lang='lat' dir='ltr'>Ne</span> <span class='ocrx_word' id='word_1_102' title='bbox 1153 1306 1239 1363; x_wconf 91' lang='lat' dir='ltr'>illi</span> <span class='ocrx_word' id='word_1_103' title='bbox 1286 1306 1664 1365; x_wconf 85' lang='lat' dir='ltr'>vehementer</span> <span class='ocrx_word' id='word_1_104' title='bbox 1710 1313 1936 1381; x_wconf 90' lang='lat' dir='ltr'>errant,</span> <span class='ocrx_word' id='word_1_105' title='bbox 2001 1308 2047 1366; x_wconf 88' lang='lat' dir='ltr'>si</span> <span class='ocrx_word' id='word_1_106' title='bbox 2095 1308 2248 1365; x_wconf 91' lang='lat' dir='ltr'>illam</span> 
     </span>
     <span class='ocr_line' id='line_1_13' title="bbox 75 1392 1902 1473; baseline 0 -22"><span class='ocrx_word' id='word_1_107' title='bbox 75 1411 225 1473; x_wconf 84' lang='lat' dir='ltr'>meam</span> <span class='ocrx_word' id='word_1_108' title='bbox 252 1398 573 1470; x_wconf 21' lang='lat' dir='ltr'>‘pristinam</span> <span class='ocrx_word' id='word_1_109' title='bbox 619 1397 923 1454; x_wconf 82' lang='lat' dir='ltr'>lenitatem</span> <span class='ocrx_word' id='word_1_110' title='bbox 964 1400 1305 1468; x_wconf 91' lang='lat' dir='ltr'>perpetuam</span> <span class='ocrx_word' id='word_1_111' title='bbox 1352 1400 1592 1468; x_wconf 89' lang='lat' dir='ltr'>sperant</span> <span class='ocrx_word' id='word_1_112' title='bbox 1634 1392 1902 1453; x_wconf 86' lang='lat' dir='ltr'>futuram.</span> 
     </span>
    </p>

    <p class='ocr_par' dir='ltr' id='par_1_3' title="bbox 75 1470 2359 3490">
     <span class='ocr_line' id='line_1_14' title="bbox 176 1470 2319 1557; baseline -0.002 -10"><span class='ocrx_word' id='word_1_113' title='bbox 176 1470 370 1553; x_wconf 63' lang='lat' dir='ltr'>FQuod</span> <span class='ocrx_word' id='word_1_114' title='bbox 414 1485 781 1557; x_wconf 86' lang='lat' dir='ltr'>exspectavi,</span> <span class='ocrx_word' id='word_1_115' title='bbox 835 1485 951 1540; x_wconf 92' lang='lat' dir='ltr'>iam</span> <span class='ocrx_word' id='word_1_116' title='bbox 994 1499 1117 1540; x_wconf 89' lang='lat' dir='ltr'>sum</span> <span class='ocrx_word' id='word_1_117' title='bbox 1162 1482 1506 1553; x_wconf 82' lang='lat' dir='ltr'>adsecutuS,</span> <span class='ocrx_word' id='word_1_118' title='bbox 1549 1488 1615 1539; x_wconf 90' lang='lat' dir='ltr'>nt</span> <span class='ocrx_word' id='word_1_119' title='bbox 1649 1498 1750 1540; x_wconf 86' lang='lat' dir='ltr'>vos</span> <span class='ocrx_word' id='word_1_120' title='bbox 1796 1497 1996 1540; x_wconf 89' lang='lat' dir='ltr'>omnes</span> <span class='ocrx_word' id='word_1_121' title='bbox 2038 1480 2319 1543; x_wconf 79' lang='lat' dir='ltr'>factam4</span> 
     </span>
     <span class='ocr_line' id='line_1_15' title="bbox 76 1569 2254 1644; baseline 0.001 -18"><span class='ocrx_word' id='word_1_122' title='bbox 76 1587 175 1627; x_wconf 83' lang='lat' dir='ltr'>esse</span> <span class='ocrx_word' id='word_1_123' title='bbox 216 1580 415 1644; x_wconf 89' lang='lat' dir='ltr'>aperte</span> <span class='ocrx_word' id='word_1_124' title='bbox 478 1573 937 1630; x_wconf 89' lang='lat' dir='ltr'>coniurationem</span> <span class='ocrx_word' id='word_1_125' title='bbox 996 1575 1197 1628; x_wconf 89' lang='lat' dir='ltr'>contra</span> <span class='ocrx_word' id='word_1_126' title='bbox 1250 1587 1377 1627; x_wconf 89' lang='lat' dir='ltr'>rem</span> <span class='ocrx_word' id='word_1_127' title='bbox 1428 1569 1720 1643; x_wconf 88' lang='lat' dir='ltr'>publicam</span> <span class='ocrx_word' id='word_1_128' title='bbox 1757 1570 2065 1642; x_wconf 83' lang='lat' dir='ltr'>videretis3</span> <span class='ocrx_word' id='word_1_129' title='bbox 2142 1571 2254 1629; x_wconf 90' lang='lat' dir='ltr'>nisi</span> 
     </span>
     <span class='ocr_line' id='line_1_16' title="bbox 76 1653 2254 1738; baseline 0.001 -24"><span class='ocrx_word' id='word_1_130' title='bbox 76 1674 183 1716; x_wconf 87' lang='lat' dir='ltr'>vero</span> <span class='ocrx_word' id='word_1_131' title='bbox 209 1653 312 1738; x_wconf 77' lang='lat' dir='ltr'>si3)</span> <span class='ocrx_word' id='word_1_132' title='bbox 357 1661 491 1732; x_wconf 90' lang='lat' dir='ltr'>quis</span> <span class='ocrx_word' id='word_1_133' title='bbox 541 1665 658 1733; x_wconf 90' lang='lat' dir='ltr'>est,</span> <span class='ocrx_word' id='word_1_134' title='bbox 698 1659 796 1732; x_wconf 90' lang='lat' dir='ltr'>qui</span> <span class='ocrx_word' id='word_1_135' title='bbox 828 1658 1113 1717; x_wconf 86' lang='lat' dir='ltr'>Catilinae</span> <span class='ocrx_word' id='word_1_136' title='bbox 1161 1658 1379 1716; x_wconf 84' lang='lat' dir='ltr'>similes</span> <span class='ocrx_word' id='word_1_137' title='bbox 1426 1674 1554 1715; x_wconf 90' lang='lat' dir='ltr'>cum</span> <span class='ocrx_word' id='word_1_138' title='bbox 1580 1656 1830 1731; x_wconf 66' lang='lat' dir='ltr'>Catilina</span> <span class='ocrx_word' id='word_1_139' title='bbox 1872 1659 2093 1716; x_wconf 91' lang='lat' dir='ltr'>sentire</span> <span class='ocrx_word' id='word_1_140' title='bbox 2139 1675 2254 1717; x_wconf 91' lang='lat' dir='ltr'>non</span> 
     </span>
     <span class='ocr_line' id='line_1_17' title="bbox 75 1744 2255 1819; baseline 0.001 -18"><span class='ocrx_word' id='word_1_141' title='bbox 75 1752 221 1816; x_wconf 87' lang='lat' dir='ltr'>putet.</span> <span class='ocrx_word' id='word_1_142' title='bbox 318 1749 453 1807; x_wconf 89' lang='lat' dir='ltr'>Non</span> <span class='ocrx_word' id='word_1_143' title='bbox 504 1753 595 1805; x_wconf 90' lang='lat' dir='ltr'>est</span> <span class='ocrx_word' id='word_1_144' title='bbox 636 1747 754 1805; x_wconf 89' lang='lat' dir='ltr'>iam</span> <span class='ocrx_word' id='word_1_145' title='bbox 798 1746 1027 1805; x_wconf 88' lang='lat' dir='ltr'>lenitati</span> <span class='ocrx_word' id='word_1_146' title='bbox 1071 1746 1260 1814; x_wconf 84' lang='lat' dir='ltr'>locus3</span> <span class='ocrx_word' id='word_1_147' title='bbox 1324 1746 1698 1803; x_wconf 88' lang='lat' dir='ltr'>severitatem</span> <span class='ocrx_word' id='word_1_148' title='bbox 1754 1763 1851 1804; x_wconf 90' lang='lat' dir='ltr'>res</span> <span class='ocrx_word' id='word_1_149' title='bbox 1911 1746 2040 1819; x_wconf 88' lang='lat' dir='ltr'>ipsa</span> <span class='ocrx_word' id='word_1_150' title='bbox 2093 1744 2255 1819; x_wconf 87' lang='lat' dir='ltr'>flagi-</span> 
     </span>
     <span class='ocr_line' id='line_1_18' title="bbox 76 1830 2256 1931; baseline 0 -41"><span class='ocrx_word' id='word_1_151' title='bbox 76 1838 153 1890; x_wconf 77' lang='lat' dir='ltr'>tat.</span> <span class='ocrx_word' id='word_1_152' title='bbox 244 1835 437 1894; x_wconf 91' lang='lat' dir='ltr'>Unum</span> <span class='ocrx_word' id='word_1_153' title='bbox 487 1835 666 1893; x_wconf 88' lang='lat' dir='ltr'>etiam</span> <span class='ocrx_word' id='word_1_154' title='bbox 726 1852 880 1893; x_wconf 90' lang='lat' dir='ltr'>nunc</span> <span class='ocrx_word' id='word_1_155' title='bbox 941 1833 1285 1891; x_wconf 89' lang='lat' dir='ltr'>concedam:</span> <span class='ocrx_word' id='word_1_156' title='bbox 1349 1839 1592 1922; x_wconf 44' lang='lat' dir='ltr'>exeank,</span> <span class='ocrx_word' id='word_1_157' title='bbox 1653 1830 2121 1931; x_wconf 51' lang='lat' dir='ltr'>pgofigiscantur,</span> <span class='ocrx_word' id='word_1_158' title='bbox 2180 1851 2256 1891; x_wconf 88' lang='lat' dir='ltr'>ne</span> 
     </span>
     <span class='ocr_line' id='line_1_19' title="bbox 79 1908 2252 1991; baseline 0.001 -14"><span class='ocrx_word' id='word_1_159' title='bbox 79 1922 327 1991; x_wconf 83' lang='lat' dir='ltr'>patiantur</span> <span class='ocrx_word' id='word_1_160' title='bbox 372 1923 675 1983; x_wconf 88' lang='lat' dir='ltr'>desiderio</span> <span class='ocrx_word' id='word_1_161' title='bbox 734 1924 824 1980; x_wconf 89' lang='lat' dir='ltr'>sui</span> <span class='ocrx_word' id='word_1_162' title='bbox 871 1921 1180 1980; x_wconf 86' lang='lat' dir='ltr'>Catilinam</span> <span class='ocrx_word' id='word_1_163' title='bbox 1241 1921 1514 1979; x_wconf 86' lang='lat' dir='ltr'>miserum</span> <span class='ocrx_word' id='word_1_164' title='bbox 1576 1908 1898 1979; x_wconf 61' lang='lat' dir='ltr'>tabescere.</span> <span class='ocrx_word' id='word_1_165' title='bbox 2005 1921 2252 1979; x_wconf 88' lang='lat' dir='ltr'>Demon-</span> 
     </span>
     <span class='ocr_line' id='line_1_20' title="bbox 80 2008 2255 2083; baseline 0.002 -20"><span class='ocrx_word' id='word_1_166' title='bbox 80 2010 235 2067; x_wconf 85' lang='lat' dir='ltr'>strabo</span> <span class='ocrx_word' id='word_1_167' title='bbox 274 2013 421 2071; x_wconf 85' lang='lat' dir='ltr'>iter:</span> <span class='ocrx_word' id='word_1_168' title='bbox 482 2011 727 2069; x_wconf 89' lang='lat' dir='ltr'>Aurelia</span> <span class='ocrx_word' id='word_1_169' title='bbox 770 2012 866 2068; x_wconf 88' lang='lat' dir='ltr'>via</span> <span class='ocrx_word' id='word_1_170' title='bbox 910 2008 1204 2083; x_wconf 88' lang='lat' dir='ltr'>profectus</span> <span class='ocrx_word' id='word_1_171' title='bbox 1248 2014 1370 2082; x_wconf 85' lang='lat' dir='ltr'>est3</span> <span class='ocrx_word' id='word_1_172' title='bbox 1432 2010 1481 2067; x_wconf 91' lang='lat' dir='ltr'>si</span> <span class='ocrx_word' id='word_1_173' title='bbox 1528 2008 1860 2066; x_wconf 90' lang='lat' dir='ltr'>accelerare</span> <span class='ocrx_word' id='word_1_174' title='bbox 1904 2010 2134 2082; x_wconf 87' lang='lat' dir='ltr'>volent,</span> <span class='ocrx_word' id='word_1_175' title='bbox 2179 2009 2255 2067; x_wconf 90' lang='lat' dir='ltr'>ad</span> 
     </span>
     <span class='ocr_line' id='line_1_21' title="bbox 82 2095 2312 2200; baseline 0.002 -48"><span class='ocrx_word' id='word_1_176' title='bbox 82 2113 336 2169; x_wconf 76' lang='lat' dir='ltr'>vesperam</span> <span class='ocrx_word' id='word_1_177' title='bbox 384 2104 834 2200; x_wconf 53' lang='lat' dir='ltr'>ffonsequentur.</span> <span class='ocrx_word' id='word_1_178' title='bbox 939 2096 986 2155; x_wconf 95' lang='lat' dir='ltr'>O</span> <span class='ocrx_word' id='word_1_179' title='bbox 1042 2095 1395 2154; x_wconf 88' lang='lat' dir='ltr'>fortunatam</span> <span class='ocrx_word' id='word_1_180' title='bbox 1456 2113 1581 2153; x_wconf 92' lang='lat' dir='ltr'>rem</span> <span class='ocrx_word' id='word_1_181' title='bbox 1639 2097 1922 2171; x_wconf 89' lang='lat' dir='ltr'>publicam</span> <span class='ocrx_word' id='word_1_182' title='bbox 1944 2141 1959 2171; x_wconf 97' lang='lat'>,</span> <span class='ocrx_word' id='word_1_183' title='bbox 2021 2098 2070 2155; x_wconf 91' lang='lat' dir='ltr'>si</span> <span class='ocrx_word' id='word_1_184' title='bbox 2131 2098 2255 2169; x_wconf 89' lang='lat' dir='ltr'>qui·</span> <span class='ocrx_word' id='word_1_185' title='bbox 2278 2100 2312 2156; x_wconf 86' lang='lat'><strong>7</strong></span> 
     </span>
     <span class='ocr_line' id='line_1_22' title="bbox 85 2166 2258 2264; baseline 0.001 -24"><span class='ocrx_word' id='word_1_186' title='bbox 85 2184 179 2242; x_wconf 86' lang='lat' dir='ltr'>dem</span> <span class='ocrx_word' id='word_1_187' title='bbox 192 2188 361 2247; x_wconf 51' lang='lat' dir='ltr'>¹·hanc</span> <span class='ocrx_word' id='word_1_188' title='bbox 409 2166 713 2247; x_wconf 58' lang='lat' dir='ltr'>s‘e&#39;fiti&#39;iiffi</span> <span class='ocrx_word' id='word_1_189' title='bbox 750 2187 909 2245; x_wconf 89' lang='lat' dir='ltr'>urbis</span> <span class='ocrx_word' id='word_1_190' title='bbox 932 2181 986 2264; x_wconf 76' lang='lat'>4)</span> <span class='ocrx_word' id='word_1_191' title='bbox 1033 2186 1302 2243; x_wconf 84' lang='lat' dir='ltr'>eiecerit!</span> <span class='ocrx_word' id='word_1_192' title='bbox 1410 2185 1538 2244; x_wconf 93' lang='lat' dir='ltr'>Uno</span> <span class='ocrx_word' id='word_1_193' title='bbox 1584 2203 1675 2244; x_wconf 89' lang='lat' dir='ltr'>me</span> <span class='ocrx_word' id='word_1_194' title='bbox 1694 2186 1967 2262; x_wconf 19' lang='lat' dir='ltr'>*lhercnle</span> <span class='ocrx_word' id='word_1_195' title='bbox 2009 2184 2258 2244; x_wconf 88' lang='lat' dir='ltr'>Catilina</span> 
     </span>
     <span class='ocr_line' id='line_1_23' title="bbox 92 2269 2259 2356; baseline 0.001 -27"><span class='ocrx_word' id='word_1_196' title='bbox 92 2274 315 2335; x_wconf 76' lang='lat' dir='ltr'>exhausto</span> <span class='ocrx_word' id='word_1_197' title='bbox 360 2279 636 2335; x_wconf 90' lang='lat' dir='ltr'>relevata</span> <span class='ocrx_word' id='word_1_198' title='bbox 659 2269 710 2356; x_wconf 71' lang='lat'>⁵)</span> <span class='ocrx_word' id='word_1_199' title='bbox 755 2276 894 2332; x_wconf 91' lang='lat' dir='ltr'>mihi</span> <span class='ocrx_word' id='word_1_200' title='bbox 939 2280 1000 2333; x_wconf 91' lang='lat' dir='ltr'>et</span> <span class='ocrx_word' id='word_1_201' title='bbox 1042 2279 1309 2331; x_wconf 90' lang='lat' dir='ltr'>recreata</span> <span class='ocrx_word' id='word_1_202' title='bbox 1353 2290 1449 2331; x_wconf 90' lang='lat' dir='ltr'>res</span> <span class='ocrx_word' id='word_1_203' title='bbox 1493 2274 1725 2346; x_wconf 89' lang='lat' dir='ltr'>publica</span> <span class='ocrx_word' id='word_1_204' title='bbox 1769 2273 2013 2332; x_wconf 88' lang='lat' dir='ltr'>videtur.</span> <span class='ocrx_word' id='word_1_205' title='bbox 2109 2274 2259 2345; x_wconf 78' lang='lat' dir='ltr'>Quid</span> 
     </span>
     <span class='ocr_line' id='line_1_24' title="bbox 93 2361 2359 2435; baseline 0.002 -20"><span class='ocrx_word' id='word_1_206' title='bbox 93 2363 199 2419; x_wconf 82' lang='lat' dir='ltr'>enim</span> <span class='ocrx_word' id='word_1_207' title='bbox 250 2365 389 2422; x_wconf 90' lang='lat' dir='ltr'>mali</span> <span class='ocrx_word' id='word_1_208' title='bbox 438 2370 547 2422; x_wconf 88' lang='lat' dir='ltr'>aut</span> <span class='ocrx_word' id='word_1_209' title='bbox 592 2364 827 2422; x_wconf 86' lang='lat' dir='ltr'>sceleris</span> <span class='ocrx_word' id='word_1_210' title='bbox 871 2361 1011 2435; x_wconf 89' lang='lat' dir='ltr'>fingi</span> <span class='ocrx_word' id='word_1_211' title='bbox 1067 2367 1168 2423; x_wconf 86' lang='lat' dir='ltr'>aut</span> <span class='ocrx_word' id='word_1_212' title='bbox 1214 2362 1456 2434; x_wconf 88' lang='lat' dir='ltr'>cogitari</span> <span class='ocrx_word' id='word_1_213' title='bbox 1515 2367 1737 2434; x_wconf 86' lang='lat' dir='ltr'>potest,</span> <span class='ocrx_word' id='word_1_214' title='bbox 1801 2362 1954 2433; x_wconf 90' lang='lat' dir='ltr'>quod</span> <span class='ocrx_word' id='word_1_215' title='bbox 1998 2378 2112 2420; x_wconf 94' lang='lat' dir='ltr'>non</span> <span class='ocrx_word' id='word_1_216' title='bbox 2156 2363 2256 2420; x_wconf 90' lang='lat' dir='ltr'>ille</span> <span class='ocrx_word' id='word_1_217' title='bbox 2355 2366 2359 2371; x_wconf 85' lang='lat'>&#39;</span> 
     </span>
     <span class='ocr_line' id='line_1_25' title="bbox 87 2425 2257 2524; baseline 0.001 -18"><span class='ocrx_word' id='word_1_218' title='bbox 87 2454 408 2524; x_wconf 78' lang='lat' dir='ltr'>conceperit?</span> <span class='ocrx_word' id='word_1_219' title='bbox 459 2453 591 2524; x_wconf 86' lang='lat' dir='ltr'>quis</span> <span class='ocrx_word' id='word_1_220' title='bbox 634 2458 757 2510; x_wconf 89' lang='lat' dir='ltr'>tota</span> <span class='ocrx_word' id='word_1_221' title='bbox 803 2451 975 2509; x_wconf 88' lang='lat' dir='ltr'>Italia</span> <span class='ocrx_word' id='word_1_222' title='bbox 1020 2425 1343 2523; x_wconf 65' lang='grc' dir='ltr'>ν’ἔὶῖἓᾘῖἷιιε,</span> <span class='ocrx_word' id='word_1_223' title='bbox 1388 2450 1517 2521; x_wconf 86' lang='lat' dir='ltr'>quis</span> <span class='ocrx_word' id='word_1_224' title='bbox 1562 2449 1874 2522; x_wconf 82' lang='lat' dir='ltr'>gladiator,</span> <span class='ocrx_word' id='word_1_225' title='bbox 1918 2450 2044 2522; x_wconf 89' lang='lat' dir='ltr'>quis</span> <span class='ocrx_word' id='word_1_226' title='bbox 2090 2451 2257 2522; x_wconf 88' lang='lat' dir='ltr'>latre,</span> 
     </span>
     <span class='ocr_line' id='line_1_26' title="bbox 85 2537 2257 2633; baseline 0.001 -39"><span class='ocrx_word' id='word_1_227' title='bbox 85 2538 179 2606; x_wconf 84' lang='lat' dir='ltr'>quis</span> <span class='ocrx_word' id='word_1_228' title='bbox 246 2542 496 2599; x_wconf 88' lang='lat' dir='ltr'>sicarius</span> <span class='ocrx_word' id='word_1_229' title='bbox 513 2584 527 2613; x_wconf 95' lang='lat'>,</span> <span class='ocrx_word' id='word_1_230' title='bbox 606 2541 731 2612; x_wconf 85' lang='lat' dir='ltr'>quis</span> <span class='ocrx_word' id='word_1_231' title='bbox 805 2537 1128 2611; x_wconf 90' lang='lat' dir='ltr'>parricida,</span> <span class='ocrx_word' id='word_1_232' title='bbox 1211 2538 1338 2609; x_wconf 89' lang='lat' dir='ltr'>quis</span> <span class='ocrx_word' id='word_1_233' title='bbox 1403 2541 1877 2633; x_wconf 61' lang='lat' dir='ltr'>testamentorum</span> <span class='ocrx_word' id='word_1_234' title='bbox 1945 2538 2257 2609; x_wconf 90' lang='lat' dir='ltr'>subiector,</span> 
     </span>
     <span class='ocr_line' id='line_1_27' title="bbox 83 2603 2260 2701; baseline -0.001 -18"><span class='ocrx_word' id='word_1_235' title='bbox 83 2627 178 2695; x_wconf 86' lang='lat' dir='ltr'>quis</span> <span class='ocrx_word' id='word_1_236' title='bbox 216 2628 704 2701; x_wconf 89' lang='lat' dir='ltr'>circumscriptor,</span> <span class='ocrx_word' id='word_1_237' title='bbox 750 2628 877 2699; x_wconf 90' lang='lat' dir='ltr'>quis</span> <span class='ocrx_word' id='word_1_238' title='bbox 923 2641 1136 2699; x_wconf 86' lang='lat' dir='ltr'>gance,</span> <span class='ocrx_word' id='word_1_239' title='bbox 1183 2626 1310 2697; x_wconf 87' lang='lat' dir='ltr'>quis</span> <span class='ocrx_word' id='word_1_240' title='bbox 1351 2607 1532 2698; x_wconf 54' lang='lat'>151‘23‘1308</span> <span class='ocrx_word' id='word_1_241' title='bbox 1545 2603 1749 2699; x_wconf 58' lang='lat' dir='ltr'>,⁶⁴{1uis</span> <span class='ocrx_word' id='word_1_242' title='bbox 1796 2626 2050 2697; x_wconf 87' lang='lat' dir='ltr'>adulter,</span> <span class='ocrx_word' id='word_1_243' title='bbox 2112 2642 2260 2700; x_wconf 88' lang='lat' dir='ltr'>quae</span> 
     </span>
     <span class='ocr_line' id='line_1_28' title="bbox 82 2713 2261 2790; baseline 0.001 -23"><span class='ocrx_word' id='word_1_244' title='bbox 82 2716 250 2773; x_wconf 90' lang='lat' dir='ltr'>mulier</span> <span class='ocrx_word' id='word_1_245' title='bbox 305 2717 575 2790; x_wconf 76' lang='lat' dir='ltr'>infamia,</span> <span class='ocrx_word' id='word_1_246' title='bbox 633 2716 758 2789; x_wconf 88' lang='lat' dir='ltr'>quis</span> <span class='ocrx_word' id='word_1_247' title='bbox 803 2718 1103 2785; x_wconf 90' lang='lat' dir='ltr'>corruptor</span> <span class='ocrx_word' id='word_1_248' title='bbox 1162 2713 1478 2771; x_wconf 88' lang='lat' dir='ltr'>iuventutis</span> <span class='ocrx_word' id='word_1_249' title='bbox 1495 2758 1510 2787; x_wconf 92' lang='lat'>,</span> <span class='ocrx_word' id='word_1_250' title='bbox 1568 2713 1695 2785; x_wconf 92' lang='lat' dir='ltr'>quis</span> <span class='ocrx_word' id='word_1_251' title='bbox 1741 2719 2042 2786; x_wconf 91' lang='lat' dir='ltr'>corruptus</span> <span class='ocrx_word' id='word_1_252' title='bbox 2058 2760 2072 2787; x_wconf 92' lang='lat'>,</span> <span class='ocrx_word' id='word_1_253' title='bbox 2134 2715 2261 2785; x_wconf 86' lang='lat' dir='ltr'>quis</span> 
     </span>
     <span class='ocr_line' id='line_1_29' title="bbox 83 2799 2261 2896; baseline -0.001 -35"><span class='ocrx_word' id='word_1_254' title='bbox 83 2801 302 2896; x_wconf 46' lang='lat' dir='ltr'>perditus</span> <span class='ocrx_word' id='word_1_255' title='bbox 346 2804 605 2863; x_wconf 88' lang='lat' dir='ltr'>inveniri</span> <span class='ocrx_word' id='word_1_256' title='bbox 654 2808 876 2876; x_wconf 90' lang='lat' dir='ltr'>potest,</span> <span class='ocrx_word' id='word_1_257' title='bbox 922 2802 1020 2873; x_wconf 89' lang='lat' dir='ltr'>qui</span> <span class='ocrx_word' id='word_1_258' title='bbox 1060 2817 1122 2859; x_wconf 91' lang='lat' dir='ltr'>se</span> <span class='ocrx_word' id='word_1_259' title='bbox 1167 2818 1295 2858; x_wconf 90' lang='lat' dir='ltr'>cum</span> <span class='ocrx_word' id='word_1_260' title='bbox 1323 2799 1572 2858; x_wconf 91' lang='lat' dir='ltr'>Catilina</span> <span class='ocrx_word' id='word_1_261' title='bbox 1607 2816 1724 2858; x_wconf 92' lang='lat' dir='ltr'>non</span> <span class='ocrx_word' id='word_1_262' title='bbox 1767 2800 2261 2859; x_wconf 89' lang='lat' dir='ltr'>familiarisissime</span> 
     </span>
     <span class='ocr_line' id='line_1_30' title="bbox 84 2887 2266 2964; baseline 0.002 -22"><span class='ocrx_word' id='word_1_263' title='bbox 84 2889 255 2949; x_wconf 80' lang='lat' dir='ltr'>vixisse</span> <span class='ocrx_word' id='word_1_264' title='bbox 298 2890 608 2951; x_wconf 74' lang='lat' dir='ltr'>fateatur-⁸?</span> <span class='ocrx_word' id='word_1_265' title='bbox 671 2906 820 2964; x_wconf 90' lang='lat' dir='ltr'>quae</span> <span class='ocrx_word' id='word_1_266' title='bbox 874 2887 1085 2947; x_wconf 86' lang='lat' dir='ltr'>caedes</span> <span class='ocrx_word' id='word_1_267' title='bbox 1140 2906 1248 2962; x_wconf 93' lang='lat' dir='ltr'>per</span> <span class='ocrx_word' id='word_1_268' title='bbox 1301 2889 1476 2946; x_wconf 88' lang='lat' dir='ltr'>hosce</span> <span class='ocrx_word' id='word_1_269' title='bbox 1530 2904 1709 2947; x_wconf 89' lang='lat' dir='ltr'>annos</span> <span class='ocrx_word' id='word_1_270' title='bbox 1769 2890 1894 2947; x_wconf 91' lang='lat' dir='ltr'>sine</span> <span class='ocrx_word' id='word_1_271' title='bbox 1947 2889 2048 2947; x_wconf 92' lang='lat' dir='ltr'>illo</span> <span class='ocrx_word' id='word_1_272' title='bbox 2107 2887 2266 2947; x_wconf 87' lang='lat' dir='ltr'>facta</span> 
     </span>
     <span class='ocr_line' id='line_1_31' title="bbox 86 2977 2325 3052; baseline 0.001 -22"><span class='ocrx_word' id='word_1_273' title='bbox 86 2981 186 3033; x_wconf 78' lang='lat' dir='ltr'>est?</span> <span class='ocrx_word' id='word_1_274' title='bbox 238 2981 391 3052; x_wconf 91' lang='lat' dir='ltr'>quod</span> <span class='ocrx_word' id='word_1_275' title='bbox 456 2978 745 3037; x_wconf 90' lang='lat' dir='ltr'>nefarium</span> <span class='ocrx_word' id='word_1_276' title='bbox 800 2985 1060 3050; x_wconf 89' lang='lat' dir='ltr'>stuprum</span> <span class='ocrx_word' id='word_1_277' title='bbox 1119 2993 1234 3034; x_wconf 93' lang='lat' dir='ltr'>non</span> <span class='ocrx_word' id='word_1_278' title='bbox 1288 2994 1396 3051; x_wconf 89' lang='lat' dir='ltr'>per</span> <span class='ocrx_word' id='word_1_279' title='bbox 1449 2977 1553 3034; x_wconf 92' lang='lat' dir='ltr'>illu</span> <span class='ocrx_word' id='word_1_280' title='bbox 1627 2979 1655 3032; x_wconf 75' lang='grc' dir='ltr'>*Ρ</span> <span class='ocrx_word' id='word_1_281' title='bbox 1762 2977 1885 3035; x_wconf 90' lang='lat' dir='ltr'>Iam</span> <span class='ocrx_word' id='word_1_282' title='bbox 1931 2993 2069 3035; x_wconf 90' lang='lat' dir='ltr'>vero</span> <span class='ocrx_word' id='word_1_283' title='bbox 2115 2993 2264 3049; x_wconf 90' lang='lat' dir='ltr'>quae</span> <span class='ocrx_word' id='word_1_284' title='bbox 2288 2978 2325 3033; x_wconf 83' lang='lat'>8</span> 
     </span>
     <span class='ocr_line' id='line_1_32' title="bbox 84 3037 2270 3141; baseline 0 -20"><span class='ocrx_word' id='word_1_285' title='bbox 84 3067 214 3124; x_wconf 80' lang='lat' dir='ltr'>tanta</span> <span class='ocrx_word' id='word_1_286' title='bbox 254 3085 532 3141; x_wconf 87' lang='lat' dir='ltr'>umquam</span> <span class='ocrx_word' id='word_1_287' title='bbox 590 3069 652 3125; x_wconf 91' lang='lat' dir='ltr'>in</span> <span class='ocrx_word' id='word_1_288' title='bbox 709 3068 826 3125; x_wconf 93' lang='lat' dir='ltr'>ullo</span> <span class='ocrx_word' id='word_1_289' title='bbox 872 3066 1101 3124; x_wconf 90' lang='lat' dir='ltr'>homine</span> <span class='ocrx_word' id='word_1_290' title='bbox 1147 3065 1460 3123; x_wconf 90' lang='lat' dir='ltr'>iuventutis</span> <span class='ocrx_word' id='word_1_291' title='bbox 1505 3059 1568 3123; x_wconf 74' lang='lat' dir='ltr'>iii</span> <span class='ocrx_word' id='word_1_292' title='bbox 1593 3081 1695 3122; x_wconf 91' lang='lat' dir='ltr'>ece</span> <span class='ocrx_word' id='word_1_293' title='bbox 1723 3037 1830 3123; x_wconf 40' lang='lat' dir='ltr'>“fax</span> <span class='ocrx_word' id='word_1_294' title='bbox 1847 3064 1992 3138; x_wconf 86' lang='lat' dir='ltr'>fuit,</span> <span class='ocrx_word' id='word_1_295' title='bbox 2052 3070 2270 3138; x_wconf 89' lang='lat' dir='ltr'>quanta</span> 
     </span>
     <span class='ocr_line' id='line_1_33' title="bbox 87 3150 2271 3229; baseline 0.002 -23"><span class='ocrx_word' id='word_1_296' title='bbox 87 3150 127 3206; x_wconf 89' lang='lat' dir='ltr'>in</span> <span class='ocrx_word' id='word_1_297' title='bbox 162 3155 289 3213; x_wconf 84' lang='lat' dir='ltr'>illo‘?</span> <span class='ocrx_word' id='word_1_298' title='bbox 349 3158 453 3228; x_wconf 90' lang='lat' dir='ltr'>qui</span> <span class='ocrx_word' id='word_1_299' title='bbox 499 3156 645 3214; x_wconf 89' lang='lat' dir='ltr'>alios</span> <span class='ocrx_word' id='word_1_300' title='bbox 703 3155 827 3229; x_wconf 87' lang='lat' dir='ltr'>ipse</span> <span class='ocrx_word' id='word_1_301' title='bbox 873 3154 1107 3211; x_wconf 89' lang='lat' dir='ltr'>amabat</span> <span class='ocrx_word' id='word_1_302' title='bbox 1149 3153 1478 3226; x_wconf 89' lang='lat' dir='ltr'>turpissime</span> <span class='ocrx_word' id='word_1_303' title='bbox 1496 3197 1511 3226; x_wconf 90' lang='lat'>,</span> <span class='ocrx_word' id='word_1_304' title='bbox 1567 3154 1810 3211; x_wconf 89' lang='lat' dir='ltr'>aliorum</span> <span class='ocrx_word' id='word_1_305' title='bbox 1868 3154 2049 3212; x_wconf 91' lang='lat' dir='ltr'>amori</span> <span class='ocrx_word' id='word_1_306' title='bbox 2109 3151 2271 3226; x_wconf 88' lang='lat' dir='ltr'>fiagi-</span> 
     </span>
     <span class='ocr_line' id='line_1_34' title="bbox 88 3239 2271 3317; baseline 0.003 -24"><span class='ocrx_word' id='word_1_307' title='bbox 88 3239 358 3301; x_wconf 84' lang='lat' dir='ltr'>tiosissime</span> <span class='ocrx_word' id='word_1_308' title='bbox 420 3244 747 3317; x_wconf 88' lang='lat' dir='ltr'>serviebat,</span> <span class='ocrx_word' id='word_1_309' title='bbox 807 3242 936 3299; x_wconf 88' lang='lat' dir='ltr'>aliis</span> <span class='ocrx_word' id='word_1_310' title='bbox 997 3241 1245 3299; x_wconf 85' lang='lat' dir='ltr'>fructum</span> <span class='ocrx_word' id='word_1_311' title='bbox 1303 3241 1632 3313; x_wconf 91' lang='lat' dir='ltr'>libidinum,</span> <span class='ocrx_word' id='word_1_312' title='bbox 1688 3242 1819 3299; x_wconf 90' lang='lat' dir='ltr'>aliis</span> <span class='ocrx_word' id='word_1_313' title='bbox 1870 3247 2114 3300; x_wconf 91' lang='lat' dir='ltr'>mortem</span> <span class='ocrx_word' id='word_1_314' title='bbox 2170 3258 2271 3313; x_wconf 89' lang='lat' dir='ltr'>pa-</span> 
     </span>
     <span class='ocr_line' id='line_1_35' title="bbox 87 3328 2273 3402; baseline 0.002 -20"><span class='ocrx_word' id='word_1_315' title='bbox 87 3335 282 3388; x_wconf 87' lang='lat' dir='ltr'>rentum</span> <span class='ocrx_word' id='word_1_316' title='bbox 336 3349 454 3390; x_wconf 92' lang='lat' dir='ltr'>non</span> <span class='ocrx_word' id='word_1_317' title='bbox 511 3331 678 3389; x_wconf 95' lang='lat' dir='ltr'>modo</span> <span class='ocrx_word' id='word_1_318' title='bbox 738 3328 1120 3402; x_wconf 92' lang='lat' dir='ltr'>impellend0,</span> <span class='ocrx_word' id='word_1_319' title='bbox 1174 3345 1374 3387; x_wconf 90' lang='lat' dir='ltr'>verum</span> <span class='ocrx_word' id='word_1_320' title='bbox 1433 3331 1610 3387; x_wconf 90' lang='lat' dir='ltr'>etiam</span> <span class='ocrx_word' id='word_1_321' title='bbox 1666 3329 1986 3387; x_wconf 89' lang='lat' dir='ltr'>adiuvando</span> <span class='ocrx_word' id='word_1_322' title='bbox 2037 3330 2273 3402; x_wconf 90' lang='lat' dir='ltr'>pollice·</span> 
     </span>
     <span class='ocr_line' id='line_1_36' title="bbox 87 3412 2275 3490; baseline 0.003 -20"><span class='ocrx_word' id='word_1_323' title='bbox 87 3412 242 3476; x_wconf 85' lang='lat' dir='ltr'>batur.</span> <span class='ocrx_word' id='word_1_324' title='bbox 359 3420 532 3477; x_wconf 90' lang='lat' dir='ltr'>Nunc</span> <span class='ocrx_word' id='word_1_325' title='bbox 596 3436 733 3478; x_wconf 87' lang='lat' dir='ltr'>vero</span> <span class='ocrx_word' id='word_1_326' title='bbox 799 3434 968 3489; x_wconf 90' lang='lat' dir='ltr'>qnam</span> <span class='ocrx_word' id='word_1_327' title='bbox 1033 3416 1223 3474; x_wconf 88' lang='lat' dir='ltr'>subito</span> <span class='ocrx_word' id='word_1_328' title='bbox 1284 3434 1400 3475; x_wconf 93' lang='lat' dir='ltr'>non</span> <span class='ocrx_word' id='word_1_329' title='bbox 1459 3417 1642 3475; x_wconf 92' lang='lat' dir='ltr'>solum</span> <span class='ocrx_word' id='word_1_330' title='bbox 1704 3435 1774 3475; x_wconf 86' lang='lat' dir='ltr'>ex</span> <span class='ocrx_word' id='word_1_331' title='bbox 1826 3418 1998 3490; x_wconf 90' lang='lat' dir='ltr'>urbe,</span> <span class='ocrx_word' id='word_1_332' title='bbox 2074 3435 2275 3477; x_wconf 84' lang='lat' dir='ltr'>verum</span> 
     </span>
    </p>
   </div>
   <div class='ocr_carea' id='block_1_3' title="bbox 99 3564 480 3579">
    <p class='ocr_par' dir='ltr' id='par_1_4' title="bbox 99 3564 480 3579">
     <span class='ocr_line' id='line_1_37' title="bbox 99 3564 480 3579; baseline 0 775"><span class='ocrx_word' id='word_1_333' title='bbox 99 3564 480 3579; x_wconf 95' lang='lat' dir='ltr'> </span> 
     </span>
    </p>
   </div>
   <div class='ocr_carea' id='block_1_4' title="bbox 91 3647 2278 3929">
    <p class='ocr_par' dir='ltr' id='par_1_5' title="bbox 91 3647 2278 3929">
     <span class='ocr_line' id='line_1_38' title="bbox 93 3647 2276 3722; baseline 0.001 -21"><span class='ocrx_word' id='word_1_334' title='bbox 93 3714 101 3722; x_wconf 39' lang='grc'>,</span> <span class='ocrx_word' id='word_1_335' title='bbox 207 3650 255 3715; x_wconf 91' lang='grc'>1)</span> <span class='ocrx_word' id='word_1_336' title='bbox 291 3666 421 3703; x_wconf 81' lang='lat' dir='ltr'>suos</span> <span class='ocrx_word' id='word_1_337' title='bbox 459 3649 613 3702; x_wconf 86' lang='lat' dir='ltr'>deest</span> <span class='ocrx_word' id='word_1_338' title='bbox 646 3647 705 3700; x_wconf 91' lang='lat' dir='ltr'>in</span> <span class='ocrx_word' id='word_1_339' title='bbox 740 3665 850 3701; x_wconf 91' lang='lat' dir='ltr'>non</span> <span class='ocrx_word' id='word_1_340' title='bbox 886 3648 1053 3701; x_wconf 88' lang='lat' dir='ltr'>nullis</span> <span class='ocrx_word' id='word_1_341' title='bbox 1091 3647 1268 3712; x_wconf 89' lang='lat' dir='ltr'>codd.;</span> <span class='ocrx_word' id='word_1_342' title='bbox 1313 3665 1416 3703; x_wconf 93' lang='lat' dir='ltr'>om.</span> <span class='ocrx_word' id='word_1_343' title='bbox 1455 3649 1681 3716; x_wconf 84' lang='lat' dir='ltr'>Kayser.</span> <span class='ocrx_word' id='word_1_344' title='bbox 1756 3665 1883 3702; x_wconf 77' lang='lat' dir='ltr'>suos</span> <span class='ocrx_word' id='word_1_345' title='bbox 1920 3650 2116 3706; x_wconf 76' lang='lat' dir='ltr'>milites</span> <span class='ocrx_word' id='word_1_346' title='bbox 2153 3669 2276 3706; x_wconf 90' lang='lat' dir='ltr'>unc.</span> 
     </span>
     <span class='ocr_line' id='line_1_39' title="bbox 91 3718 2277 3788; baseline 0.005 -24"><span class='ocrx_word' id='word_1_347' title='bbox 91 3718 192 3771; x_wconf 75' lang='lat' dir='ltr'>incl.</span> <span class='ocrx_word' id='word_1_348' title='bbox 228 3720 469 3776; x_wconf 85' lang='lat' dir='ltr'>Richter.</span> <span class='ocrx_word' id='word_1_349' title='bbox 603 3718 658 3786; x_wconf 82' lang='lat'>2)</span> <span class='ocrx_word' id='word_1_350' title='bbox 693 3719 915 3785; x_wconf 79' lang='lat' dir='ltr'>perlata</span> <span class='ocrx_word' id='word_1_351' title='bbox 953 3718 1103 3772; x_wconf 91' lang='lat' dir='ltr'>codd.</span> <span class='ocrx_word' id='word_1_352' title='bbox 1145 3719 1379 3786; x_wconf 87' lang='lat' dir='ltr'>aliquot,</span> <span class='ocrx_word' id='word_1_353' title='bbox 1418 3720 1580 3772; x_wconf 89' lang='lat' dir='ltr'>Halm</span> <span class='ocrx_word' id='word_1_354' title='bbox 1615 3719 1696 3773; x_wconf 90' lang='lat' dir='ltr'>ed.</span> <span class='ocrx_word' id='word_1_355' title='bbox 1736 3720 1860 3776; x_wconf 86' lang='lat' dir='ltr'>Tur.</span> <span class='ocrx_word' id='word_1_356' title='bbox 1995 3723 2051 3788; x_wconf 90' lang='lat'>3)</span> <span class='ocrx_word' id='word_1_357' title='bbox 2089 3722 2139 3774; x_wconf 77' lang='lat' dir='ltr'>si</span> <span class='ocrx_word' id='word_1_358' title='bbox 2174 3722 2277 3775; x_wconf 93' lang='lat' dir='ltr'>del.</span> 
     </span>
     <span class='ocr_line' id='line_1_40' title="bbox 92 3783 2278 3860; baseline 0.001 -19"><span class='ocrx_word' id='word_1_359' title='bbox 92 3783 314 3857; x_wconf 79' lang='lat' dir='ltr'>Madvig,</span> <span class='ocrx_word' id='word_1_360' title='bbox 361 3807 484 3843; x_wconf 91' lang='lat' dir='ltr'>unc.</span> <span class='ocrx_word' id='word_1_361' title='bbox 521 3790 647 3842; x_wconf 89' lang='lat' dir='ltr'>incl.</span> <span class='ocrx_word' id='word_1_362' title='bbox 685 3788 848 3842; x_wconf 91' lang='lat' dir='ltr'>Halm</span> <span class='ocrx_word' id='word_1_363' title='bbox 884 3789 964 3842; x_wconf 90' lang='lat' dir='ltr'>ed.</span> <span class='ocrx_word' id='word_1_364' title='bbox 1008 3789 1132 3843; x_wconf 86' lang='lat' dir='ltr'>Tur.</span> <span class='ocrx_word' id='word_1_365' title='bbox 1339 3791 1397 3856; x_wconf 90' lang='lat'>4)</span> <span class='ocrx_word' id='word_1_366' title='bbox 1435 3789 1604 3843; x_wconf 80' lang='lat' dir='ltr'>huius</span> <span class='ocrx_word' id='word_1_367' title='bbox 1641 3790 1796 3844; x_wconf 59' lang='lat' dir='ltr'>:mbis</span> <span class='ocrx_word' id='word_1_368' title='bbox 1833 3791 1981 3846; x_wconf 91' lang='lat' dir='ltr'>codd.</span> <span class='ocrx_word' id='word_1_369' title='bbox 2020 3792 2278 3860; x_wconf 86' lang='lat' dir='ltr'>plerique.</span> 
     </span>
     <span class='ocr_line' id='line_1_41' title="bbox 93 3857 1094 3929; baseline -0.001 -17"><span class='ocrx_word' id='word_1_370' title='bbox 93 3857 137 3923; x_wconf 85' lang='lat'>5)</span> <span class='ocrx_word' id='word_1_371' title='bbox 173 3859 346 3913; x_wconf 81' lang='lat' dir='ltr'>levata</span> <span class='ocrx_word' id='word_1_372' title='bbox 381 3862 541 3929; x_wconf 88' lang='lat' dir='ltr'>pauci</span> <span class='ocrx_word' id='word_1_373' title='bbox 578 3858 755 3923; x_wconf 92' lang='lat' dir='ltr'>codd.,</span> <span class='ocrx_word' id='word_1_374' title='bbox 802 3859 1094 3913; x_wconf 87' lang='lat' dir='ltr'>Eberhard.</span> 
     </span>
    </p>
   </div>
   <div class='ocr_carea' id='block_1_5' title="bbox 164 3940 1841 3996">
    <p class='ocr_par' dir='ltr' id='par_1_6' title="bbox 164 3940 1841 3996">
     <span class='ocr_line' id='line_1_42' title="bbox 164 3940 1841 3996; baseline 0.007 -11"><span class='ocrx_word' id='word_1_375' title='bbox 164 3942 248 3986; x_wconf 81' lang='lat' dir='ltr'>cic.</span> <span class='ocrx_word' id='word_1_376' title='bbox 278 3945 418 3987; x_wconf 69' lang='lat' dir='ltr'>otatt.</span> <span class='ocrx_word' id='word_1_377' title='bbox 450 3946 557 3988; x_wconf 77' lang='lat' dir='ltr'>seu.</span> <span class='ocrx_word' id='word_1_378' title='bbox 1806 3940 1841 3996; x_wconf 88' lang='grc'>6</span> 
     </span>
    </p>
   </div>
  </div>
 </body>
</html>
