2669 4354
400 218 524 275 252
1166 207 1171 214 ’
1401 232 1621 273 onA'mo

396 410 674 469 iuvabant
735 413 1093 482 anagnostae
1114 452 1130 481 ,
1194 408 1382 466 libelli
1434 425 1540 480 pro
1598 408 1730 466 vino
1798 407 1974 466 etiam
2035 424 2212 481 saepe
2273 407 2597 481 oppignera-

397 499 642 571 bantur3
685 496 962 555 manebat
1004 495 1387 555 insaturabile
1434 495 1751 569 abdomen,
1799 495 2000 569 copiae
2046 494 2412 555 deficiebant.
2497 496 2598 553 Ita·

399 603 510 660 que
567 601 795 658 semper
849 584 1187 643 versabatur
1244 583 1305 640 in
1366 600 1470 655 spe
1527 595 1721 641 rerum
1781 600 2093 642 novarum:
2167 585 2288 642 otio
2348 590 2408 642 et
2459 590 2599 642 tran·
2649 633 2650 640 ,

399 673 684 747 quillitate
726 673 813 731 rei
854 671 1123 746 publicae
1171 670 1643 730 consenescebat.

291 756 379 825 52
573 761 811 834 Ecquae
874 759 1082 818 seditio
1139 774 1407 831 umquam
1467 758 1603 833 fuit,
1672 759 1734 817 in
1791 774 1904 831 qua
1960 775 2079 816 non
2138 759 2241 817 ille
2308 759 2601 831 princeps?

399 851 568 923 ecqui
597 849 937 921 seditiosus,
984 849 1076 905 cui
1105 847 1206 906 ille
1236 863 1355 905 non
1384 844 1729 905 familiaris?
1770 862 1989 920 ecquae
2035 846 2376 906 turbulenta
2407 847 2599 920 contio,

397 939 560 996 cuius
605 938 706 995 ille
750 952 866 995 non
910 936 1266 994 concitator?
1329 934 1421 992 cui
1482 935 1633 993 bene
1696 935 1841 993 dixit
1893 951 2171 1007 umquam
2213 936 2366 994 bono
2384 938 2412 992 ⁸?
2468 936 2600 994 bene
2649 999 2650 1004 η

396 1026 577 1084 dixit?
644 1026 814 1082 immo
831 1069 847 1098 ,
910 1040 1083 1097 quem
1129 1022 1336 1081 fortem
1394 1028 1455 1080 et
1492 1023 1708 1081 bonum
1753 1024 1936 1081 civem
1997 1038 2114 1080 non
2159 1024 2600 1096 petulantissime
2649 1089 2650 1102 χ

398 1119 488 1172 est
531 1112 885 1172 insectatus?
943 1112 1073 1185 qui,
1118 1116 1185 1169 ut
1231 1110 1433 1183 credo,
1499 1128 1613 1170 non
1657 1110 1912 1169 libidinis
1957 1126 2160 1185 causa,
2204 1111 2309 1170 sed
2340 1117 2411 1169 ut
2436 1111 2601 1184 plebi·
2649 1173 2650 1184 χ

252 1208 325 1264 11
343 1210 368 1262 1
397 1202 525 1260 cola
569 1199 863 1259 videretur
879 1244 893 1273 ,
953 1199 1287 1257 libertinam
1344 1198 1507 1256 duxit
1550 1215 1801 1257 uxorem.
1890 1199 1949 1256 Is
2004 1199 2076 1258 de
2131 1216 2224 1259 me
2285 1199 2602 1274 suffragium

396 1290 557 1362 t'ulit,
603 1290 653 1346 is
684 1286 894 1361 adfuit,
939 1288 989 1344 is
1034 1284 1295 1345 interfuit
1338 1287 1521 1358 epulis
1569 1293 1629 1343 et
1659 1285 2141 1359 gratulationibus
2179 1287 2602 1359 parricidarum.

394 1377 465 1434 In
511 1387 625 1450 quo
682 1382 879 1434 tamen
934 1379 1024 1433 est
1082 1392 1175 1434 me
1221 1376 1412 1448 ultuS,
1471 1391 1602 1432 cum
1642 1374 1743 1432 illo
1788 1391 1889 1432 ore
1918 1368 1967 1452 ¹)
2014 1376 2279 1433 inimicos
2327 1381 2424 1434 est
2463 1391 2604 1433 meos

395 1464 667 1522 saviatus,
758 1463 903 1536 Qui,
973 1463 1136 1535 quasi
1192 1478 1328 1520 mea
1373 1463 1547 1536 culpa
1605 1460 1759 1520 bona
1804 1462 2147 1535 perdiderit,
2215 1464 2300 1521 ita
2361 1463 2438 1522 ob
2495 1479 2603 1522 eam

395 1640 500 1698 tibi
546 1640 955 1714 patrimonium
1002 1639 1218 1712 eripui,
1262 1636 1444 1711 Gelli,
1492 1654 1568 1695 an
1611 1642 1674 1696 tu
1715 1636 2061 1696 comedisti?
2151 1638 2299 1709 Quid
2316 1643 2348 1697 ’Β
2390 1644 2456 1697 tu
2496 1654 2603 1696 meo

392 1729 654 1802 periculo
678 1772 694 1801 ,
755 1743 968 1801 gurges
1014 1743 1082 1785 ac
1121 1741 1334 1799 vorago
1379 1726 1744 1799 patrimonii,
1804 1726 2147 1785 helluabare
2164 1771 2180 1801 ,
2239 1732 2335 1801 ut,
2405 1728 2456 1786 si
2513 1743 2601 1799 ego

394 1817 593 1875 consul
638 1832 764 1874 rem
809 1815 1094 1888 publicam
1144 1818 1350 1872 contra
1393 1819 1453 1872 te
1505 1819 1564 1871 et
1608 1814 1877 1886 gregales
1924 1820 2053 1872 tuos
2100 1813 2519 1889 defendissem,
2554 1816 2603 1871 in

394 1905 628 1962 civitate
687 1920 815 1963 esse
876 1919 968 1960 me
1024 1902 1209 1960 nolles
1227 1906 1255 1960 ἰ)
1346 1902 1431 1961 Te
1476 1917 1646 1960 nemo
1690 1908 1918 1960 tuorum
1964 1903 2164 1961 videre
2207 1904 2362 1978 volt,
2430 1919 2604 1963 omnes
2649 1969 2650 1972 Ἴ

391 1992 642 2064 aditum,
708 2006 1063 2065 sermonem,
1132 2007 1507 2065 congressum
1551 1995 1715 2047 tuum
1772 1988 2031 2064 fugiunt:
2101 1995 2161 2049 te
2208 1993 2430 2051 sororis
2473 1990 2601 2048 filius

389 2080 718 2138 Postumius
733 2123 747 2152 ,
809 2078 1150 2138 adulescens
1190 2079 1382 2153 gravis
1404 2072 1485 2156 ²),
1545 2078 1715 2136 senili
1759 2077 1971 2135 iudicio
1989 2122 2005 2151 ,
2064 2080 2289 2137 notavit
2305 2124 2322 2153 ,
2387 2097 2516 2138 cum
2553 2079 2601 2134 in
2649 2125 2650 2144 ἶ

389 2184 598 2242 magno
645 2184 883 2226 numero
941 2172 1194 2226 tutorem
1241 2166 1443 2226 liberis
1485 2183 1601 2225 non
1657 2166 1924 2225 instituit.
2017 2164 2133 2226 Sed
2175 2167 2372 2226 elatus
2396 2161 2448 2248 ³)
2490 2166 2599 2226 odio

392 2261 451 2314 et
497 2272 627 2314 meo
686 2259 745 2314 et
787 2256 877 2314 rei
921 2255 1189 2328 publicae
1241 2256 1471 2314 nomine
1490 2299 1506 2328 ,
1568 2270 1810 2327 quorum
1869 2255 1969 2312 ille
2028 2256 2146 2313 utri
2201 2257 2278 2314 sit
2332 2256 2601 2315 inimicior
2649 2248 2650 2323 ff

389 2343 614 2417 nescio,
675 2343 843 2416 plura
887 2343 1033 2417 dixi,
1092 2359 1265 2415 quam
1309 2341 1621 2400 dicendum
1666 2342 1803 2416 fuit,
1850 2343 1910 2399 in
1953 2342 2400 2402 furiosissimum
2446 2350 2598 2416 atque
2649 2336 2650 2353 ³

246 2437 368 2493 112
391 2431 826 2505 egentissimum
871 2447 1210 2504 ganeonem.
1302 2431 1447 2488 Illuc
1492 2436 1788 2489 revertor:
1852 2437 2054 2489 contra
2113 2448 2204 2489 me
2267 2448 2400 2490 cum
2458 2437 2539 2491 est
2558 2425 2599 2507 ⁴)

388 2525 613 2597 actum,
662 2524 833 2592 capta
871 2518 1013 2576 urbe
1061 2524 1234 2592 atque
1282 2533 1589 2593 oppressa,
1633 2517 1910 2591 Gellium,
1957 2519 2302 2577 Firmidium
2319 2565 2336 2594 ,
2386 2521 2599 2589 Titium,
2649 2532 2650 2543 ¹

389 2606 648 2666 eiusdem
695 2606 849 2666 modi
893 2605 1101 2680 furiaS,
1148 2607 1265 2664 illis
1295 2606 1714 2666 mercennariis
1747 2606 2021 2680 gregibus
2053 2606 2226 2665 duces
2260 2613 2322 2666 et
2352 2614 2599 2667 auctores

385 2692 562 2753 fuisse
577 2740 592 2768 ,
639 2711 768 2752 cum
797 2695 922 2767 ipse
959 2696 1110 2753 lator
1150 2695 1295 2753 nihil
1326 2695 1401 2752 ab
1442 2695 1649 2752 horum
1681 2694 2070 2769 turpitudine,
2116 2694 2393 2770 audacia,
2440 2693 2599 2754 sordi-

384 2783 491 2841 bus
538 2782 898 2841 abhorreret.
988 2782 1067 2840 At
1112 2799 1240 2840 cum
1285 2783 1360 2841 de
1408 2782 1692 2854 dignitate
1733 2799 1866 2841 mea
1907 2781 2242 2857 ferebatur,
2289 2801 2465 2842 nemo
2507 2781 2597 2840 sibi

385 2888 495 2930 nec
541 2870 891 2929 valetudinis
939 2871 1369 2929 excusationem
1413 2886 1523 2928 nec
1566 2871 1882 2929 senectutis
1928 2873 2068 2929 satis
2103 2872 2317 2929 iustam
2362 2874 2534 2930 ullam
2554 2863 2597 2949 ⁵)

382 2959 639 3032 putavit:
709 2975 880 3017 nemo
939 2957 1077 3032 fuit,
1147 2960 1245 3031 qui
1309 2975 1373 3016 se
1436 2975 1554 3017 non
1619 2975 1745 3016 rem
1805 2958 2095 3032 publicam
2155 2976 2385 3019 mecum
2452 2957 2598 3017 simul

385 3062 665 3106 revocare
710 3047 772 3104 in
818 3062 952 3105 suas
998 3045 1169 3104 sedes
1215 3046 1616 3105 arbitraretur.

383 3300 598 3351 secutus
630 3295 868 3364 Spengel
905 3294 1050 3348 nihil
1083 3294 1389 3363 sapientiae
1423 3293 1534 3348 iwv.
1563 3312 1684 3356 an.,·
1718 3294 1857 3348 Paul
1892 3311 1949 3348 n.
1989 3295 2286 3349 sanitatem
2320 3294 2357 3348 i.
2396 3313 2447 3347 a.
2485 3310 2593 3352 scr.;

381 3367 549 3421 Hertz
585 3366 730 3420 nihil
762 3364 927 3420 savia
957 3370 1010 3419 te
1046 3365 1155 3420 mv.
1198 3381 1324 3432 an.;
1361 3364 1588 3433 Kochly,
1634 3365 1728 3435 qui
1764 3365 2036 3419 iuvabant
2072 3372 2433 3434 anaynostac,
2469 3360 2594 3433 quod

381 3439 439 3490 in
486 3437 659 3491 Paris.
716 3438 783 3490 ab
837 3435 1132 3490 recentiore
1184 3435 1399 3489 demum
1439 3452 1599 3488 manu
1649 3435 1918 3489 adiectum
1975 3438 2083 3499 est,
2143 3453 2237 3506 pro
2284 3436 2591 3504 glossemate

379 3508 574 3574 habet,
621 3507 757 3561 coni.
794 3505 940 3559 nihil
972 3521 1110 3559 sane
1145 3505 1221 3559 ad
1256 3521 1379 3558 eum
1418 3504 1611 3572 zibelli5
1649 3505 1831 3569 Koch,
1881 3522 2041 3575 quem
2092 3508 2392 3575 sequuntur
2427 3505 2589 3564 Halm,

381 3577 657 3631 Eberhard
695 3576 836 3629 nihil
867 3575 1155 3630 satiabant
1191 3592 1313 3629 cum
1353 3575 1548 3629 libelli..
1819 3578 1874 3643 1)
1913 3575 2001 3630 Sic
2037 3577 2442 3645 Pantagathus;
2480 3571 2589 3627 libri

380 3648 533 3702 ullus
560 3664 683 3701 cum
708 3647 806 3701 illo
828 3662 902 3728 r‘e.
1013 3647 1068 3714 2)
1090 3645 1277 3714 yravis
1305 3662 1407 3700 om.
1436 3646 1553 3699 cod.
1574 3646 1800 3713 Gembl.,
1829 3645 1933 3700 del.
1960 3648 2123 3700 Dobr.
2150 3647 2287 3701 Adv.
2310 3647 2383 3709 H,
2408 3663 2457 3715 p.
2483 3643 2587 3698 376.

379 3720 435 3785 3)
473 3717 653 3772 clatus
690 3717 884 3779 Orelh;
924 3717 1076 3770 latus
1111 3715 1292 3778 codd.,
1329 3715 1470 3786 quod
1506 3723 1606 3771 ret.
1645 3717 1825 3770 Halm.
1968 3718 2024 3785 4)
2072 3718 2161 3771 Sic
2196 3718 2439 3786 Madvig;
2476 3712 2588 3767 libri

380 3788 452 3841 sit
487 3792 688 3842 actmn.
761 3785 959 3853 Orelli,
1015 3786 1294 3842 Eberhard
1329 3791 1408 3841 est
1446 3786 1635 3840 latum.
1851 3790 1905 3856 5)
1945 3787 2034 3842 Sic
2071 3788 2238 3842 Halm
2280 3805 2379 3843 scr.
2390 3809 2402 3851 ;
2447 3782 2584 3839 codd.

378 3862 440 3912 ut
475 3857 658 3925 illam,
703 3856 846 3927 quod
879 3856 1044 3926 vulgo
1080 3858 1354 3913 omittunt.
