2669 4354
726 237 839 276 PRo
883 236 1013 275 snx.
1054 234 1262 276 Rosmo
1306 235 1601 276 Amnnmo.
2195 218 2274 276 13

72 427 172 482 quo
231 410 395 467 modo
455 410 676 466 crimen
737 409 1198 465 commenticium
1264 407 1667 481 confirmaret,
1735 425 1849 466 non
1909 408 2277 468 inveniebat:

72 492 192 571 ego,
235 514 330 555 res
372 503 488 555 tam
529 497 690 554 leves
730 512 843 567 qua
886 498 1114 554 ratione
1161 494 1442 552 infirmem
1491 512 1560 552 ac
1591 496 1823 569 diluam,
1870 499 2131 569 reperire
2162 515 2280 555 non

69 602 300 656 possum.
388 584 540 654 Quid
587 586 697 657 aiS,
745 584 960 640 Eruci?
1051 583 1162 640 Tot
1206 584 1477 657 praedia,
1537 590 1655 641 tam
1702 586 1936 657 pulcra,
1995 592 2114 643 tam
2157 584 2278 643 fru-
2299 584 2381 640 43

70 680 255 730 ctuosa
320 674 452 732 Sex.
512 673 753 729 Roscius
818 670 936 729 filio
998 688 1102 728 suo
1163 672 1540 743 relegationis
1623 688 1693 728 ac
1760 674 2025 744 supplicii
2091 673 2279 745 gratia

70 761 301 819 colenda
340 777 405 817 ac
451 760 671 817 tuenda
716 758 1081 816 tradiderat?
1158 759 1306 829 Quid
1352 760 1502 816 hoc?
1529 753 1577 837 ¹)
1617 759 1823 817 Patres
1864 759 2132 833 familias,
2179 761 2279 831 qui

68 847 271 906 liberos
330 848 573 920 habent,
635 846 981 920 praesertim
1040 846 1303 903 homines
1354 848 1506 903 illius
1557 846 1776 904 ordinis
1833 864 1902 904 ex
1947 849 2278 919 municipiis

66 937 391 1009 1351103315,
453 952 646 992 1101130
703 934 1126 1006 optatissimum
1185 934 1295 991 sibi
1355 940 1562 1006 putant
1625 950 1752 991 esse
1819 934 1967 992 filios
2013 952 2143 993 suos
2188 936 2277 993 rei

65 1021 327 1081 familiari
370 1023 616 1080 maxime
663 1023 884 1079 servire
931 1028 992 1079 et
1032 1023 1096 1077 in
1141 1022 1399 1093 praediis
1431 1023 1691 1080 colendis
1722 1038 1936 1094 operae
1968 1024 2276 1095 plurimum

68 1112 339 1183 studiique
388 1113 768 1168 consumere?
855 1109 949 1166 An
992 1110 1331 1167 amandarat
1371 1111 1523 1167 hunc
1570 1111 1681 1183 sic,
1727 1116 1790 1167 ut
1834 1116 1990 1168 esset
2028 1112 2090 1168 in
2135 1127 2274 1183 agro
2295 1108 2379 1164 44

67 1214 129 1254 ac
175 1204 393 1265 tantum
439 1199 610 1255 modo
654 1199 914 1256 aleretur
959 1196 1034 1254 ad
1074 1198 1314 1255 villam?
1375 1204 1441 1254 ut
1482 1197 1789 1255 commodis
1822 1200 2083 1256 omnibus
2114 1215 2276 1256 care-

66 1290 190 1343 ret?
276 1288 461 1358 Quid?
520 1287 569 1343 si
630 1291 856 1343 constat
915 1285 1066 1341 hunc
1128 1303 1244 1342 non
1286 1285 1454 1343 modo
1501 1285 1761 1343 colendis
1805 1287 2059 1358 praediis
2106 1303 2275 1359 prae-

67 1372 262 1448 fuisse,
327 1375 431 1432 sed
493 1376 669 1432 certis
714 1372 907 1430 fundis
951 1379 1120 1445 patre
1167 1373 1296 1430 vivo
1342 1370 1459 1429 frui
1506 1374 1736 1431 solitum
1783 1390 1943 1448 esse,
2002 1381 2272 1432 tamenne

66 1461 200 1518 haec
244 1479 279 1519 a
321 1467 381 1520 te
428 1462 551 1518 vita
597 1462 722 1518 eius
746 1457 798 1540 ²)
843 1462 1138 1518 rusticana
1175 1462 1461 1533 relegatio
1506 1467 1677 1533 atque
1711 1462 2041 1520 amandatio
2072 1463 2275 1534 appel-

65 1547 306 1606 labitur?
391 1549 603 1622 Vides,
662 1549 878 1622 Eruci,
934 1554 1208 1619 quantum
1253 1549 1434 1606 distet
1477 1550 1902 1621 argumentatio
1944 1555 2043 1607 tua
2089 1550 2161 1606 ab
2206 1566 2272 1606 re

65 1636 181 1706 ipsa
245 1642 418 1709 atque
480 1653 516 1693 a
576 1637 843 1694 veritate.
947 1636 1109 1706 Quod
1171 1637 1586 1694 consuetudine
1647 1643 1843 1710 patres
1898 1637 2149 1710 faciunt,
2211 1637 2273 1694 id

67 1725 219 1793 quasi
267 1742 479 1783 novum
522 1724 935 1796 reprehendi83
1005 1724 1157 1795 quod
1201 1725 1597 1782 benivolentia
1640 1724 1729 1795 fit,
1776 1725 1836 1780 id
1882 1725 2012 1782 odio
2057 1724 2273 1782 fact-um

68 1813 406 1884 criminaris3
452 1812 604 1884 quod
648 1812 879 1869 honoris
925 1827 1099 1868 causa
1138 1819 1309 1883 pater
1351 1810 1470 1869 filio
1516 1829 1617 1869 suo
1662 1814 1974 1884 concessit,
2033 1813 2092 1869 id
2139 1829 2271 1869 eum

68 1902 319 1972 supplicii
366 1916 541 1957 causa
585 1898 794 1957 fecisse
841 1899 1001 1957 dicis.
1092 1900 1294 1971 Neque
1341 1901 1489 1957 haec
1533 1905 1594 1956 tu
1641 1916 1756 1957 non
1800 1900 2126 1972 intellegiS,
2166 1901 2271 1957 sed
2291 1893 2375 1949 45

72 2002 239 2058 usque
321 2005 422 2062 00,
505 1989 642 2059 quid
666 1981 718 2066 3)
798 2003 1040 2059 arguaS,
1124 2004 1239 2044 non
1318 1989 1531 2061 habeS,
1619 1994 1683 2045 ut
1747 2005 1863 2045 non
1931 1989 2098 2045 modo
2163 1988 2270 2044 tibi

75 2082 261 2133 contra
320 2093 424 2133 nos
481 2075 790 2133 dicendum
835 2083 1038 2147 puteS,
1110 2093 1311 2132 vorum
1364 2077 1538 2133 etiam
1585 2082 1789 2133 contra
1846 2082 2272 2151 1013313313-

74 2179 182 2221 ram
252 2169 567 2236 contraque
639 2164 1119 2222 consuetudinem
1193 2164 1485 2221 hominum
1579 2169 1895 2237 contraque
1968 2164 2270 2237 opiniones

75 2253 322 2309 omnium.

232 2342 306 2398 At
348 2342 532 2413 enim,
575 2357 703 2397 cum
749 2340 890 2397 duos
929 2339 1074 2397 filios
1119 2339 1398 2412 haberet,
1443 2341 1692 2398 alterum
1735 2357 1770 2398 a
1816 2358 1878 2398 se
1926 2357 2041 2397 non
2082 2328 2377 2397 dimit-16

73 2425 248 2501 tebat,
319 2430 571 2485 alterum
630 2430 750 2485 ruri
810 2443 939 2485 esse
999 2427 1347 2499 patiebatur.
1453 2429 1704 2501 Quaeso,
1769 2429 1974 2499 Eruci,
2039 2435 2103 2485 ut
2163 2429 2273 2485 hoc

72 2512 123 2569 in
175 2515 381 2573 bonam
440 2523 667 2588 partem
724 2516 1003 2587 accipias3
1078 2533 1192 2574 non
1255 2518 1408 2573 enim
1456 2516 1841 2588 exprobrandi
1891 2532 2098 2589 causa,
2169 2515 2273 2572 sed

72 2604 450 2662 commonendi
513 2605 702 2676 gratia
748 2604 966 2661 dicam:
1038 2605 1087 2660 si
1145 2604 1253 2661 tibi
1306 2602 1542 2661 fortuna
1587 2622 1698 2661 non
1747 2605 1940 2676 dedit,
2005 2610 2069 2661 ut
2108 2609 2273 2675 patre
2293 2595 2376 2652 46

73 2698 217 2749 certo
255 2707 602 2765 nascerere,
665 2707 737 2748 ex
797 2708 911 2763 quo
957 2692 1304 2764 intellegere
1351 2709 1577 2765 posseS,
1641 2694 1737 2764 qui
1786 2694 2009 2749 animus
2051 2693 2273 2763 patrius

72 2777 122 2834 in
166 2780 377 2838 liberos
423 2784 607 2852 05501,
654 2785 716 2850 at
756 2785 964 2836 natura
996 2785 1155 2837 certe
1190 2780 1381 2853 dedit,
1428 2786 1493 2837 ut
1521 2782 1897 2837 humanitatis
1924 2797 2039 2837 non
2071 2796 2274 2853 parum

71 2864 334 2941 haberes3
383 2886 452 2926 eo
500 2869 749 2925 accessit
793 2867 1044 2925 studium
1091 2867 1425 2941 doctrinae,
1474 2873 1537 2924 ut
1583 2885 1656 2925 ne
1703 2885 1738 2924 a
1779 2868 1993 2925 litteris
2040 2867 2274 2939 quidem

74 2954 283 3012 alienus
330 2972 507 3013 05505.
601 2955 825 3027 Ecquid
872 2955 1107 3012 tandem
1152 2956 1256 3013 tibi
1301 2956 1561 3029 videtur,
1609 2961 1672 3012 ut
1717 2955 1790 3012 ad
1821 2954 2047 3012 fabulas
2079 2955 2274 3013 venia-

72 3056 215 3116 mus,
280 3060 460 3101 senex
534 3044 635 3099 ille
694 3043 1061 3101 Caecilianus
1127 3043 1365 3101 minoris
1427 3043 1622 3101 facere
1671 3043 2028 3116 Eutychum,
2093 3042 2272 3099 filium

72 3133 368 3205 rusticum,
439 3148 610 3202 quam
672 3132 833 3188 illum
901 3132 1183 3204 alterum,
1250 3131 1767 3189 Chaerestratum‘?
1828 3163 1915 3170 —
1975 3148 2143 3203 nam,
2210 3135 2275 3186 ut

71 3219 292 3291 opinor,
359 3221 471 3277 hoc
532 3221 765 3276 nomine
832 3225 950 3277 est:
1024 3252 1106 3259 —
1175 3221 1425 3277 alterum
1485 3221 1546 3277 in
1598 3219 1742 3276 urbe
1799 3235 1997 3276 secum
2042 3219 2275 3276 honoris

73 3321 235 3365 causa
274 3308 527 3380 habere,
578 3309 826 3365 alterum
869 3325 967 3364 rus
1015 3308 1278 3380 supplicii
1325 3324 1501 3364 causa
1544 3308 1883 3378 relegasse‘?
1973 3306 2157 3377 ‘Quid
2201 3305 2277 3363 ad
2297 3306 2379 3363 47

72 3392 200 3452 istas
238 3396 492 3468 ineptias
538 3391 739 3453 abis?'
784 3396 1029 3467 inquieS.
1121 3395 1298 3464 Quasi
1346 3412 1481 3453 vero
1512 3396 1652 3452 mihi
1698 3395 1933 3454 difficile
1981 3397 2054 3453 sit
2082 3411 2277 3467 quam-

236 3633 286 3697 1)
327 3627 518 3698 Quid?
574 3629 674 3680 hoc
708 3632 902 3695 patres
945 3628 1193 3694 familias
1235 3628 1681 3696 interpunxerunt
1725 3630 1948 3698 Madvig
1998 3634 2052 3683 01
2097 3631 2274 3683 Halm.

71 3699 119 3764 2)
171 3716 206 3750 a
254 3706 303 3753 te
353 3700 468 3753 vita
523 3699 638 3750 eius
690 3699 926 3751 Vahlen:
982 3716 1019 3749 a
1077 3703 1126 3750 tc
1178 3697 1291 3749 vita
1337 3704 1386 3750 et
1422 3702 1669 3763 (attente
1712 3702 1825 3752 vita
1870 3706 1917 3751 01
1962 3700 2063 3764 31.)
2108 3700 2280 3765 codd„

74 3774 268 3822 attenta
304 3771 421 3823 vita
455 3774 505 3821 et
538 3771 730 3836 vulg0,
791 3785 828 3818 a
864 3773 965 3820 tete
999 3768 1113 3820 vita
1151 3768 1269 3820 eius
1308 3769 1544 3824 Richter.
1757 3773 1811 3837 3)
1859 3768 2002 3835 quod
2040 3786 2102 3821 ex
2139 3770 2278 3823 Oxo-

74 3840 233 3893 niensi
267 3842 315 3893 R
350 3840 558 3908 recepit
588 3840 781 3902 Halm,
820 3839 961 3891 idem
1001 3838 1136 3890 coni.
1175 3838 1408 3892 Ernesti.
