2669 4354
915 225 982 265 m
1036 223 1385 265 cA'rmmAm.
2174 209 2255 265 89

106 295 351 304 r—s———ev-——0
376 296 385 300 ι
1881 293 2256 300 mm*

100 417 184 472 que
232 399 468 458 omnium
525 397 1012 458 facinorosorum:
1083 413 1224 471 quos
1288 413 1396 470 ego
1452 412 1490 454 a
1542 394 1794 455 Catilina
1854 413 1969 455 non
2022 413 2259 473 revoco;

101 504 201 547 nam
246 504 427 561 neque
471 486 667 547 divelli
721 485 795 546 ab
842 504 913 546 eo
971 493 1209 559 possunt
1254 490 1314 544 et
1356 490 1605 558 pereant
1650 501 1789 545 sane
1831 484 1894 544 in
1936 485 2257 560 latrociui0‚

99 576 318 648 quoniam
385 581 517 634 sunt
589 576 674 634 ita
746 574 912 633 multi
928 618 944 648 ‚
1034 580 1100 633 ut
1164 590 1267 634 eos
1330 589 1533 632 carcer
1599 589 1809 647 capere
1871 590 1987 632 non
2058 575 2256 647 possit.

98 664 408 722 Postremum
451 669 644 722 autem
699 679 884 738 genus
934 667 1025 720 est
1076 679 1193 721 non
1236 663 1419 720 solum
1473 678 1713 721 numero
1729 707 1746 737 ‚
1817 677 2019 721 verum
2079 663 2257 721 etiam

98 769 272 824 genere
317 753 441 826 ipso
489 757 661 824 atque
716 752 837 810 vita
852 795 868 825 ‚
929 749 1081 824 quod
1135 751 1433 824 proprium
1471 749 1763 810 Catilinae
1826 755 1945 824 est,
2003 750 2077 809 de
2134 752 2258 810 eius

99 840 292 915 dilectu,
335 842 508 899 immo
550 856 689 899 vero
727 839 801 899 de
848 839 1147 912 complexu
1193 840 1318 899 eius
1360 853 1429 896 ac
1474 838 1631 913 sinu,
1677 855 1820 912 quos
1854 855 2005 912 pexo
2047 838 2258 912 capillo

98 927 287 1002 nitidos,
350 934 450 987 aut
502 927 792 987 imberbes
847 932 950 986 aut
1008 928 1159 987 bene
1206 925 1481 986 barbatos
1533 926 1769 1001 videtiS,
1840 927 2143 986 manicatis
2196 932 2259 985 et

96 1016 326 1075 talaribus
369 1017 581 1076 tunicis
598 1061 614 1091 ‚
667 1016 812 1075 velis
865 1016 1104 1075 amictos
1166 1032 1279 1074 non
1325 1015 1474 1090 togis
1491 1060 1507 1090 ,
1581 1032 1823 1088 quorum
1862 1015 2043 1073 omnis
2094 1015 2259 1074 indu-

94 1106 203 1164 stria
250 1105 398 1163 vitae
464 1110 526 1164 et
579 1104 853 1179 vigilandi
914 1104 1079 1163 labor
1127 1105 1189 1163 in
1242 1102 1606 1163 antelucanis
1668 1104 1828 1162 cenis
1891 1104 2259 1177 expromitur.

92 1192 141 1248 In
171 1193 249 1251 his
288 1194 561 1266 gregibus
602 1209 802 1252 omnes
841 1193 1160 1266 aleatores,
1219 1208 1421 1251 omnes
1465 1192 1748 1267 adulteri,
1808 1208 2004 1251 omnes
2047 1192 2260 1266 impuri
2279 1193 2360 1250 23

92 1280 432 1355 impudicique
493 1286 814 1341 versantur.
934 1280 1012 1339 Hi
1070 1281 1238 1354 pueri
1301 1285 1421 1339 tam
1476 1280 1654 1355 lepidi
1718 1295 1789 1339 ac
1848 1280 2085 1340 delicati
2145 1297 2261 1341 non
2320 1343 2327 1349 ,

92 1369 234 1427 solum
275 1385 467 1431 amare
518 1376 579 1428 et
623 1371 807 1429 amari
824 1413 840 1441 ‚
913 1385 1100 1442 neque
1149 1373 1388 1428 cantare
1449 1374 1509 1428 et
1551 1370 1766 1428 saltare
1787 1361 1860 1449 ²),
1936 1368 2039 1427 sed
2085 1370 2261 1429 etiam

91 1456 207 1516 sicas
259 1457 490 1517 vibrare
555 1463 618 1518 et
677 1473 951 1531 spargere
1004 1472 1232 1516 venena
1290 1456 1647 1516 didicerunt:
1705 1457 1803 1530 qui
1857 1456 1970 1514 nisi
2030 1463 2261 1531 exeunt,

91 1545 175 1602 nisi
225 1553 503 1621 pereunt,
583 1549 760 1605 etiam
838 1547 889 1605 si
950 1544 1202 1604 Catilina
1260 1546 1538 1620 perierit,
1616 1545 1822 1604 scitote
1888 1546 1998 1603 hoc
2066 1546 2128 1604 in
2192 1563 2260 1605 re

88 1632 280 1704 publica
331 1636 709 1695 seminarium
769 1633 1150 1693 Catilinarum
1215 1632 1489 1693 futurum.
1599 1632 1815 1693 Verum
1878 1639 2076 1692 tamen
2127 1634 2263 1708 quid

90 1721 175 1779 sibi
225 1723 315 1781 isti
371 1725 576 1783 miseri
632 1725 870 1782 volunt?
916 1714 1078 1781 'num
1139 1738 1271 1780 suas
1331 1737 1527 1791 secum
1590 1721 1956 1780 mulierculas
2003 1726 2136 1780 sunt
2200 1723 2263 1782 in

92 1816 247 1869 castra
294 1798 603 1892 ductu—rig]
641 1828 811 1884 quem
869 1810 944 1868 ad
998 1810 1226 1870 modum
1287 1814 1485 1869 autem
1542 1810 1659 1869 illis
1713 1825 1913 1868 carere
1971 1814 2263 1884 poterunt,

90 1897 157 1955 his
186 1902 526 1971 praesertim
584 1901 703 1959 iam
747 1899 1008 1958 noctibus
1026 1903 1054 1956 ’ἓ
1112 1915 1223 1971 quo
1268 1903 1467 1957 autem
1511 1904 1683 1971 pacto
1727 1897 1813 1956 illi
1855 1898 2263 1970 Appenninum

92 1990 227 2058 atque
267 1988 396 2048 illas
438 1989 684 2063 pruinas
738 2002 809 2046 ac
860 1987 1023 2046 nives
1082 1985 1419 2059 perferent?
1485 1986 1596 2044 nisi
1649 1985 1865 2044 idcirco
1918 2001 1981 2045 se
2033 1984 2261 2045 facilius

92 2072 293 2135 hiemem
363 2078 719 2136 toleraturos
792 2080 1000 2148 putant
1017 2120 1033 2150 ‚
1123 2074 1277 2148 quod
1343 2074 1482 2132 nudi
1558 2075 1619 2133 in
1700 2073 1974 2133 conviviis
2050 2074 2262 2134 saltare

95 2160 386 2225 didicerunt.

243 2253 286 2312 Ο
352 2253 577 2313 bellum
638 2268 847 2324 magno
917 2266 1096 2325 opere
1152 2250 1705 2325 pertimescendum,
1781 2267 1912 2309 cum
1974 2250 2125 2309 hanc
2189 2252 2265 2310 sit
2283 2244 2364 2309 11

99 2336 342 2401 habiturus
414 2341 672 2400 Catilina
738 2345 1054 2399 scortorum
1117 2338 1410 2397 cohortem
1482 2339 1870 2412 praetoriam!
1986 2338 2263 2399 Instruite
2285 2333 2370 2396 24

93 2441 229 2503 nunc,
313 2430 605 2502 Quirites,
689 2434 895 2487 contra
964 2429 1068 2487 has
1133 2433 1252 2485 tam
1316 2427 1651 2500 praeclaras
1719 2426 2004 2487 Catilinae
2072 2428 2264 2500 copias

92 2523 243 2575 vestra
279 2517 575 2600 praesidia
604 2522 945 2616 Le‘strosque
995 2516 1313 2589 exercitus3
1383 2521 1444 2574 et
1500 2516 1747 2589 primum
1808 2514 2120 2589 gladiatori
2178 2516 2265 2574 illi

90 2604 309 2665 confecto
376 2612 440 2666 et
489 2591 699 2664 “s‘a'iicio
768 2604 1035 2663 consules
1110 2604 1605 2676 imperatoresque
1674 2608 1897 2663 vestros
1963 2604 2266 2678 opponite3

88 2688 257 2753 deinde
300 2700 509 2753 contra
556 2694 717 2752 illam
775 2691 1180 2766 naufragorum
1229 2691 1475 2750 eiectam
1521 2708 1588 2750 ac
1634 2690 1993 2750 debilitatam
2037 2707 2268 2750 manum

88 2775 245 2839 florem
287 2784 469 2842 totius
514 2782 724 2840 Italiae
777 2796 847 2837 ac
890 2779 1066 2839 robur
1114 2779 1360 2837 educite.
1463 2779 1587 2838 Iam
1631 2795 1796 2860 vero!
1816 2794 1982 2864 arces
2008 2771 2267 2864 2),c010-

87 2866 273 2927 niarum
333 2887 404 2929 ac
466 2870 907 2943 municipiorum
963 2866 1399 2940 respondebunt
1447 2865 1734 2926 Catilinae
1755 2861 2052 2934 [tumulis
2083 2857 2268 2926 '‘silve-

86 2955 282 3037 suibus:
368 2959 578 3030 Neque
628 2974 734 3031 ego
776 2962 1005 3015 ceteras
1052 2956 1279 3030 copias,
1325 2959 1699 3029 ornamenta,
1743 2954 2037 3029 praesidia
2076 2961 2301 3014 vestra

86 3058 187 3101 cum
236 3048 385 3105 illius
440 3046 684 3105 latronis
745 3046 940 3118 inopia
1002 3050 1176 3117 atque
1225 3049 1488 3117 egestate
1534 3041 1797 3102 conferre
1845 3043 2047 3102 debeo.
2154 3043 2269 3104 Sed
2291 3040 2371 3099 25

86 3130 121 3185 si
168 3133 382 3194 omissis
444 3134 534 3192 his
591 3134 763 3194 rebus
810 3131 1102 3206 omnibus,
1180 3130 1390 3204 quibus
1440 3148 1546 3191 nos
1607 3130 2073 3206 suppeditamur,
2134 3139 2272 3206 eget

84 3213 194 3297 ille,
252 3227 492 3302 senatu,
561 3222 848 3295 equitibus
893 3221 1166 3279 Romanis
1190 3214 1266 3297 3),
1330 3218 1503 3291 urbe,
1570 3220 1824 3293 aerari0‚
1875 3218 2270 3296 vectigalibus,

87 3314 262 3366 cuncta
318 3310 522 3383 Italia,
597 3308 914 3384 provinciis
976 3308 1268 3382 omnibuS‚
1345 3308 1559 3366 exteris
1625 3306 1987 3381 nationibus,
2062 3309 2113 3366 si
2180 3307 2272 3367 his

85 3394 229 3453 rebus
271 3397 497 3457 omissis
545 3414 750 3456 causas
795 3397 987 3471 ipsas,
1034 3412 1183 3469 quae
1229 3396 1386 3454 inter
1430 3412 1492 3455 se
1526 3394 1871 3471 confligunt,
1917 3396 2271 3457 contendere

85 3482 320 3561 veli1nuS‚
361 3503 433 3545 ex
472 3503 542 3546 eo
587 3486 742 3561 ipso,
804 3501 978 3559 quam
1016 3483 1186 3545 valde
1229 3483 1316 3543 illi
1361 3483 1625 3558 iaceant,
1686 3484 2033 3559 intellegere
2075 3502 2275 3559 possu-

200 3703 250 3771 1)
296 3709 520 3758 cantare
563 3709 616 3757 et
660 3702 867 3756 saltare
915 3700 1064 3755 codd.
1120 3714 1227 3754 non
1279 3697 1446 3763 nulli,
1516 3704 1743 3753 cantare
1786 3704 1836 3753 et
1878 3699 2118 3767 psallere
2161 3703 2273 3755 tres

89 3768 242 3843 codd,
277 3774 515 3840 psallere
547 3778 602 3826 et
636 3772 847 3826 saltare
884 3772 1020 3826 coni.
1060 3770 1339 3825 Garatoni.
1501 3768 1555 3834 2)
1594 3784 1743 3823 arces
1781 3768 2067 3839 Garatoni,
2104 3770 2270 3825 Eber—

88 3835 227 3904 hard,
262 3843 417 3897 urbes
453 3843 605 3898 codd.
644 3843 825 3897 Halm.
970 3843 1024 3911 3)
1053 3840 1256 3910 populo
1292 3839 1417 3895 add.
1451 3839 1601 3900 codd.
1639 3856 1743 3895 non
1782 3841 1935 3895 nulli.
