2669 4354
307 260 312 265 “
416 249 541 305 300
1177 259 1457 300 ACCVSAT.
1504 260 1570 299 IN
1611 260 1858 299 VERREM

316 440 391 497 12
412 439 674 507 poneret.
731 424 734 425 ⁷
789 433 964 492 ‘Sunt
1031 433 1171 506 ista3
1243 449 1444 491 verum
1518 438 1715 491 tamen
1775 431 2137 490 abducuntur
2197 429 2456 488 homines
2509 446 2593 486 non
2636 442 2637 507 ξ

413 536 724 595 numquam
767 521 943 579 etiam
988 520 1063 579 ab
1105 521 1391 579 institutis
1440 521 1558 578 suis
1600 518 1998 592 magnitudine
2040 518 2326 592 pecuniae
2337 514 2368 576 '.
2423 517 2593 575 Videa-
2636 528 2637 553 ³

414 629 537 668 mus
585 614 801 682 quanta
843 608 959 667 ista
1001 609 1251 681 pecunia
1295 607 1508 681 fuerit,
1555 625 1700 680 quae
1747 607 2007 681 potuerit
2047 606 2285 680 Heium,
2346 607 2596 665 hominem
2636 600 2637 603 ’

415 699 658 756 maxime
702 697 1077 769 locupletem,
1131 696 1367 754 minime
1423 712 1686 769 avarum,
1750 695 1823 754 ab
1867 694 2254 767 humanitate,
2313 712 2349 752 a
2392 695 2594 767 pietate,

414 804 450 844 a
469 780 520 864 1)
563 785 846 858 religione
890 784 1200 843 deducere.
1301 784 1394 842 Ita
1458 784 1705 854 iussisti,
1762 783 1990 855 opinor,
2055 783 2241 855 ipsum
2291 783 2353 840 in
2408 782 2596 840 tabulas

413 873 663 932 referre:
711 872 885 931 ‘haec
931 873 1125 931 omnia
1163 872 1336 945 signa
1377 872 1682 944 Praxiteli,
1728 871 2017 944 MyroniS,
2059 871 2329 943 Polycliti
2374 871 2483 931 HS.
2528 871 2594 927 Vl.

413 961 643 1020 milibus
708 961 1037 1033 quingentis
1080 960 1252 1018 Verri
1311 955 1593 1019 vendita'.
1716 958 1810 1016 Sic
1835 952 1886 1037 ²)
1937 959 2190 1016 rettulit:
2252 959 2451 1017 recita.
2542 976 2598 1014 rx

415 1066 669 1107 TABVLIS
687 1042 756 1124 ⁸).
874 1049 1043 1107 Iuvat
1101 1065 1192 1106 me
1256 1047 1403 1106 haec
1454 1047 1756 1120 praeclara
1813 1047 2046 1105 nomina
2110 1044 2422 1120 artificum,
2478 1063 2597 1120 quae

414 1138 512 1196 isti
558 1136 631 1195 ad
678 1137 901 1195 caelum
946 1135 1166 1209 ferunt,
1215 1136 1413 1194 Verris
1458 1135 1862 1193 aestimatione
1903 1135 1986 1192 sic
2032 1134 2370 1193 concidisse.
2460 1134 2601 1207 Cupi-

416 1226 611 1283 dinem
669 1224 947 1282 Praxiteli
1000 1224 1112 1283 HS.
1174 1225 1340 1281 MDc!
1460 1220 1728 1280 Profecto
1782 1222 1917 1280 hinc
1994 1228 2193 1292 natum
2263 1228 2377 1280 est:
2452 1224 2600 1281 ‘malo

419 1330 613 1372 emere
657 1314 828 1384 quam
871 1327 1078 1386 rogare
1092 1307 1123 1368 '.
2004 1386 2009 1391 .

359 1400 395 1466 7
593 1400 767 1458 Dicet
806 1400 1040 1472 aliquis:
1088 1398 1303 1470 Quid?
1349 1405 1411 1456 tu
1455 1399 1568 1456 ista
1612 1414 1929 1472 permagno
1960 1394 2295 1456 aestimas?'
2339 1399 2462 1471 Ego
2492 1417 2601 1457 vero
2640 1398 2641 1403 ’

319 1496 396 1552 13
417 1488 491 1548 ad
537 1504 724 1546 meam
770 1488 1052 1546 rationem
1107 1503 1387 1558 usumque
1434 1502 1623 1544 meum
1684 1504 1799 1545 non
1863 1486 2135 1544 aestimo:
2193 1503 2391 1544 verum
2437 1494 2600 1545 tamen

417 1595 453 1635 a
497 1576 659 1635 vobis
703 1576 787 1634 ita
833 1577 1085 1633 arbitror
1141 1574 1396 1648 spectari
1441 1581 1738 1648 oportere,
1799 1574 2001 1646 quanti
2046 1574 2193 1632 haec
2242 1591 2442 1633 eorum
2482 1576 2602 1633 iudi-

417 1665 534 1738 cio,
577 1665 676 1736 qui
722 1663 964 1722 studiosi
1010 1668 1145 1721 sunt
1189 1662 1392 1720 harum
1438 1678 1665 1735 rerum,
1712 1663 2121 1736 aestimentur,
2184 1662 2388 1734 quanti
2432 1665 2599 1723 venire
2642 1736 2643 1743 ἵ

415 1754 671 1825 soleant,
730 1750 932 1823 quanti
983 1750 1127 1809 haec
1171 1751 1323 1824 ipsa,
1379 1751 1427 1807 si
1474 1750 1666 1822 palam
1726 1750 2028 1822 libereque
2075 1751 2381 1825 venirent,
2431 1753 2601 1811 venire

414 1844 681 1913 possent,
742 1838 989 1911 denique
1033 1839 1158 1911 ipse
1202 1838 1419 1896 Verres
1477 1839 1677 1910 quanti
1722 1838 2009 1897 aestimet.
2100 1838 2449 1914 Numquam,
2504 1841 2546 1897 si
2561 1834 2601 1914 4)

415 1927 668 1986 denariis
700 1925 887 1984 CCCC
928 1925 1272 1999 Cupidinem
1314 1926 1477 1984 illum
1522 1932 1798 1999 putasset,
1845 1927 2246 2008 commisisset,
2285 1933 2356 1985 ut
2398 1935 2604 2000 propter

416 2033 545 2074 eum
611 2016 672 2072 in
739 2030 1062 2073 sermonem
1127 2014 1420 2071 hominum
1489 2019 1660 2086 atque
1730 2015 1791 2070 in
1857 2020 2080 2072 tantam
2144 2016 2600 2088 vituperationem

316 2111 394 2168 14
414 2105 653 2162 veniret.
693 2176 696 2180 Δ
744 2103 884 2174 Quis
925 2108 1180 2161 vestrum
1229 2103 1406 2174 igitur
1460 2103 1680 2175 nescit,
1739 2102 1942 2174 quanti
1999 2103 2146 2161 haec
2206 2104 2600 2162 aestimentur?

414 2192 483 2249 In
529 2192 797 2250 auctione
844 2192 1068 2264 signum
1092 2196 1359 2250 'aeneum
1406 2207 1520 2248 non
1565 2191 1872 2248 maximum
1903 2191 2017 2250 HS.
2050 2210 2130 2248 XL
2160 2192 2395 2251 milibus
2428 2194 2598 2250 venire

414 2297 530 2338 non
574 2278 856 2337 vidimus?
943 2278 1130 2350 Quid?
1184 2280 1233 2336 si
1277 2280 1452 2336 velim
1503 2279 1806 2337 nominare
1852 2279 2141 2353 homines,
2197 2282 2297 2352 qui
2355 2288 2454 2339 aut
2504 2296 2599 2337 non

413 2368 647 2425 minoris
693 2372 795 2424 aut
838 2368 1010 2425 etiam
1054 2365 1237 2440 pluris
1291 2366 1566 2439 emerint,
1619 2383 1809 2424 nonne
1868 2372 2133 2439 possum?
2235 2368 2468 2427 Etenim
2516 2367 2599 2440 qui

412 2454 609 2512 modus
656 2460 746 2518 est
787 2456 848 2511 in
891 2455 981 2512 his
1028 2456 1200 2512 rebus
1242 2455 1602 2527 cupiditatiS,
1671 2454 1823 2512 idem
1873 2462 1962 2513 est
2008 2456 2455 2531 aestimationis3
2509 2454 2597 2513 dif-

411 2630 595 2688 Video
650 2630 831 2702 igitur
890 2630 1100 2688 Heium
1172 2646 1365 2703 neque
1425 2631 1716 2688 voluntate
1781 2647 1969 2703 neque
2033 2628 2375 2690 difficultate
2432 2633 2599 2703 aliqua

409 2719 684 2791 temporis
751 2734 861 2777 nec
919 2718 1319 2791 magnitudine
1386 2718 1668 2790 pecuniae
1739 2718 2046 2777 adductum
2111 2736 2238 2777 esse
2258 2766 2273 2794 ,
2350 2727 2413 2779 ut
2474 2721 2598 2777 haec

410 2808 575 2880 signa
603 2805 917 2878 venderet3
964 2811 1139 2878 teque
1184 2807 1297 2864 ista
1343 2806 1706 2864 simulatione
1738 2807 2044 2880 emptionis
2082 2809 2168 2880 vi,
2214 2816 2398 2883 metu,
2443 2809 2599 2880 impe-

408 2896 494 2952 rio
511 2939 525 2965 ,
583 2892 835 2951 fascibus
880 2895 955 2951 ab
998 2894 1228 2952 homine
1277 2911 1347 2952 eo
1364 2939 1379 2967 ,
1446 2910 1614 2966 quem
1658 2910 1773 2953 una
1830 2912 1960 2952 cum
2008 2896 2221 2953 ceteris
2283 2898 2450 2955 sociis
2501 2911 2598 2952 non

406 2983 588 3040 solum
637 2981 911 3054 potestati
968 2987 1104 3040 tuae
1121 3026 1137 3055 ,
1199 2981 1300 3040 sed
1349 2983 1523 3040 etiam
1568 2980 1703 3040 fidei
1757 2983 2004 3056 populus
2052 2983 2345 3043 Romanus
2392 2983 2599 3043 commi-

406 3075 597 3140 serat,
646 3069 926 3142 eripuisse
972 3076 1147 3141 atque
1189 3069 1512 3128 abstulisse.

307 3165 383 3223 15
580 3157 727 3228 Quid
773 3156 911 3213 mihi
956 3163 1076 3215 tam
1121 3157 1469 3231 optandum,
1526 3157 1781 3231 iudices,
1834 3165 2030 3230 potest
2080 3176 2210 3218 esse
2253 3161 2315 3217 in
2357 3161 2465 3219 hoc
2506 3158 2597 3214 cri·

403 3246 585 3319 mine,
642 3260 813 3317 quam
859 3251 925 3303 ut
963 3246 1111 3303 haec
1159 3245 1363 3303 eadem
1409 3245 1568 3304 dicat
1610 3246 1736 3318 ipse
1786 3246 2011 3305 Heius?
2116 3247 2274 3305 Nihil
2333 3245 2595 3321 profect03

544 3446 595 3511 1)
651 3443 1113 3510 Praepositionem
1166 3459 1268 3496 om.
1318 3442 1430 3497 cod.
1481 3443 1614 3510 Reg.
1673 3442 1819 3512 prob.
1869 3444 2082 3498 Klotzio
2130 3449 2185 3499 et
2232 3446 2495 3515 Kaysero‚
2539 3439 2593 3491 ab

401 3514 592 3582 Halm,
639 3512 848 3567 Muller.
1013 3513 1067 3580 2)
1119 3512 1206 3566 Sic
1243 3513 1396 3567 codd.
1436 3513 1593 3577 dett.;
1642 3513 1863 3567 vendita
1899 3513 1994 3568 sed
2043 3516 2152 3569 cod.
2190 3517 2350 3585 Reg.;
2399 3510 2590 3568 vend-ita

400 3599 526 3637 esse.
600 3583 722 3637 Ret.
760 3583 999 3653 Madvig.
1178 3584 1233 3651 3)
1289 3583 1380 3638 Sic
1414 3584 1664 3653 Richter,
1704 3584 1866 3653 vulgo
1901 3585 2072 3638 recita
2107 3602 2174 3659 ea(-
2208 3586 2427 3640 tahal-ie.
2497 3583 2592 3634 lam

399 3654 646 3708 Lambin.
683 3653 750 3706 de
790 3669 885 3705 suo
922 3653 1214 3707 adiecerat:
1256 3653 1501 3706 Tabulae
1535 3654 1683 3708 Heii.
1801 3656 1858 3721 4)
1898 3672 2199 3722 numquam
2235 3657 2375 3709 enim
2411 3654 2459 3706 si
2490 3664 2590 3705 cum

400 3725 533 3776 dett.
572 3723 723 3776 codd.
761 3722 949 3792 Orelli,
987 3722 1273 3778 Eberhard.
1378 3726 1432 3791 5)
1470 3724 1636 3787 enim,
1676 3725 1802 3793 quia
1838 3725 1985 3779 deest
2020 3726 2077 3778 in
2117 3727 2230 3781 cod.
2268 3728 2420 3794 Reg.,
2460 3720 2592 3776 uncis

400 3793 525 3845 incl.
546 3792 644 3861 'Ka
683 3810 795 3854 ser,
847 3796 945 3845 cet.
1159 3796 1213 3860 6)
1263 3794 1352 3846 Ita
1386 3811 1505 3847 cum
1541 3796 1689 3849 Leid.
1727 3795 1974 3864 Madvig3
2021 3813 2139 3850 ‘non
2177 3799 2324 3851 deest
2357 3797 2410 3850 in
2448 3794 2591 3856 Reg·;

399 3861 513 3914 nisi
547 3879 590 3918 c.
665 3866 733 3916 et.
771 3862 885 3915 cod.
925 3863 1113 3929 Halm,
1150 3864 1363 3919 Miiller.
