2669 4354
366 237 445 294 66
932 240 1152 284 oRA'rro
1195 240 1276 279 m«)
1321 235 1575 278 mnino
1620 233 1712 273 ox.
1756 231 1999 272 Pomm.

355 422 684 497 praeditu83
759 421 850 474 est
915 414 1016 472 Cn.
1077 411 1396 476 LentuluS,
1463 408 1525 464 in
1607 422 1721 476 quo
1784 418 1983 461 omnes
2046 419 2152 475 pro
2219 402 2572 475 amplissimis

356 511 563 570 vestris
620 506 937 564 honoribus
992 516 1277 558 summum
1332 495 1659 566 consilium,
1721 507 2002 548 summam
2060 491 2409 563 gravitatem
2455 505 2570 548 esse

361 597 703 673 cognovistis
725 588 805 673 ι);
875 596 965 648 est
1033 588 1095 647 C.
1155 586 1417 657 CassiuS,
1501 581 1871 655 integritate,
1939 579 2153 636 virtute
2175 623 2191 649 ,
2262 577 2574 636 constantia

362 684 665 760 singulari.
766 681 959 750 Quare
1013 676 1236 747 videte,
1292 689 1433 729 num
1460 665 1512 746 2)
1576 670 1782 726 horum
1843 665 2289 724 auctoritatibus
2357 667 2574 724 illorum

365 773 639 841 orationi,
687 769 787 841 qui
833 765 1210 836 dissentiunt,
1255 757 1613 832 respondere
1658 771 1827 829 posse
1874 754 2191 812 videamur.

254 856 348 922 24
542 860 704 929 Quae
754 873 884 912 cum
928 856 1014 911 ita
1059 853 1204 923 sint,
1243 847 1304 905 C.
1334 846 1567 918 Manili,
1612 845 1863 917 primum
1908 843 2079 899 istam
2108 846 2269 898 tuam
2301 846 2360 898 et
2395 840 2573 913 legem

265 957 344 1014 69
368 957 428 1008 et
470 948 825 1007 voluntatem
866 947 926 1000 et
969 939 1318 998 sententiam
1363 933 1536 992 laudo
1582 930 2203 1001 vehementissimeque
2248 929 2576 1000 comprob03

367 1037 576 1096 deinde
620 1039 679 1092 te
723 1031 938 1102 hortor,
984 1034 1052 1085 ut
1096 1031 1334 1084 auctore
1379 1021 1592 1096 populo
1625 1020 1880 1076 Romano
1924 1034 2160 1075 maneas
2206 1019 2265 1074 in
2296 1015 2578 1073 sententia

367 1142 512 1183 neve
554 1123 898 1191 cuiusquam
942 1118 1057 1175 vim
1102 1119 1206 1172 aut
1251 1112 1437 1169 minas
1467 1109 1859 1182 pertimescas,
1949 1105 2206 1162 Primum
2249 1106 2311 1161 in
2356 1110 2415 1161 te
2447 1103 2577 1160 satis

369 1230 496 1272 esse
544 1209 721 1268 animi
769 1203 1361 1279 perseverantiaeque
1406 1198 1680 1268 arbitror3
1738 1194 1949 1251 deinde
1999 1210 2129 1250 cum
2174 1197 2399 1249 tantam
2443 1190 2580 1249 mul-

368 1299 678 1357 titudinem
727 1311 857 1352 cum
904 1297 1065 1350 tanto
1117 1289 1308 1347 studio
1353 1285 1559 1344 adesse
1604 1284 1902 1341 videamus
1921 1276 1991 1360 3),
2052 1285 2331 1353 quantam
2377 1281 2579 1338 iterum

371 1404 526 1445 nunc
587 1386 650 1442 in
707 1383 912 1441 eodem
963 1379 1193 1436 homine
1248 1371 1637 1449 praeficiendo
1700 1371 1960 1428 videmus
1982 1363 2062 1448 4),
2119 1368 2258 1441 quid
2304 1374 2394 1425 est
2438 1365 2580 1440 quod

374 1479 477 1533 aut
536 1473 608 1530 de
652 1488 716 1529 re
772 1475 875 1526 aut
920 1468 992 1524 de
1038 1461 1375 1538 perficiendi
1421 1459 1699 1517 facultate
1741 1458 2112 1514 dubitemus?
2199 1456 2327 1529 Ego
2375 1460 2579 1526 autem,

372 1560 651 1636 quidquid
698 1563 787 1616 est
824 1557 883 1612 in
930 1571 1021 1612 me
1064 1551 1263 1624 studii,
1308 1548 1559 1620 consilii,
1602 1545 1835 1618 laboriS,
1880 1545 2129 1618 ingenii,
2176 1542 2456 1616 quidquid
2486 1544 2582 1599 hoc

373 1648 656 1710 beneficio
700 1645 898 1718 populi
943 1641 1186 1701 Romani
1232 1644 1407 1711 atque
1456 1637 1564 1693 hac
1595 1639 1883 1707 potestate
1926 1634 2253 1705 praetoria,
2314 1629 2581 1703 quidquid

376 1737 754 1807 auctoritate,
799 1730 942 1805 fide,
989 1727 1313 1787 constantia
1356 1740 1616 1798 possum,
1660 1721 1722 1777 id
1766 1738 1932 1778 omne
1982 1720 2054 1776 ad
2099 1720 2247 1777 hanc
2293 1736 2419 1777 rem
2464 1735 2583 1775 con·
2647 1770 2648 1793 ἦ

276 1833 356 1890 70
374 1824 680 1883 ficiendam
732 1821 838 1878 tibi
893 1824 954 1876 et
988 1817 1204 1891 populo
1250 1813 1513 1871 Romano
1557 1810 1835 1882 polliceor
1879 1824 1947 1864 ac
1993 1805 2226 1880 defer03
2295 1812 2579 1880 testorque

378 1929 576 1971 omnes
621 1911 760 1968 deos
808 1913 870 1964 et
913 1923 1010 1964 eos
1056 1904 1338 1974 maxime,
1384 1900 1484 1972 qui
1524 1899 1662 1954 huic
1688 1899 1826 1954 loco
1863 1897 2191 1969 temploque
2237 1895 2582 1968 praesident,

379 2002 477 2074 qui
517 1999 772 2060 omnium
815 2000 1040 2054 mentes
1073 2008 1302 2062 eorum,
1349 1989 1448 2060 qui
1490 1987 1564 2044 ad
1595 2002 1719 2043 rem
1747 1984 2036 2057 publicam
2067 1983 2303 2057 adeunt,
2349 1983 2582 2041 maxime

379 2087 763 2163 perspiciunt,
809 2099 899 2140 me
945 2083 1053 2138 hoc
1096 2093 1287 2150 neque
1334 2081 1542 2148 rogatu
1588 2071 1779 2130 facere
1827 2072 2169 2143 cuiusquam
2190 2117 2206 2145 ,
2252 2089 2445 2144 neque
2489 2085 2588 2143 quo

383 2177 484 2235 Cn.
543 2173 781 2245 Pompei
847 2170 1090 2244 gratiam
1159 2166 1297 2223 mihi
1368 2180 1475 2237 per
1532 2163 1683 2219 hanc
1732 2176 1965 2217 causam
2025 2160 2323 2218 conciliari
2387 2165 2586 2233 putem,

379 2281 571 2336 neque
617 2278 731 2334 quo
779 2258 919 2316 mihi
965 2275 1036 2315 ex
1083 2256 1424 2325 cuiusquam
1469 2247 1848 2321 amplitudine
1896 2253 1999 2304 aut
2037 2249 2332 2320 praesidia
2375 2248 2589 2321 pericu-

380 2354 452 2410 lis
513 2356 617 2408 aut
669 2349 1003 2406 adiumenta
1058 2342 1371 2401 honoribus
1415 2355 1721 2411 quaeram,
1777 2341 2087 2407 propterea
2142 2335 2296 2406 quod
2341 2334 2590 2407 pericula

382 2439 583 2512 facile,
638 2443 707 2494 ut
758 2434 1047 2491 hominem
1101 2435 1404 2504 praestare
1461 2430 1718 2499 oportet,
1781 2424 2115 2480 innocentia
2169 2425 2309 2481 tecti
2357 2423 2590 2496 repelle-

382 2544 538 2598 mus,
595 2525 870 2582 honorem
895 2516 949 2598 5)
995 2524 1189 2577 autem
1245 2532 1437 2588 neque
1484 2513 1557 2571 ab
1602 2528 1718 2569 uno
1766 2526 1957 2581 neque
2007 2528 2079 2569 ex
2137 2512 2246 2569 hoc
2289 2512 2443 2585 loco,
2501 2506 2590 2567 sed

385 2614 590 2673 eadem
636 2612 739 2669 illa
784 2614 984 2666 nostra
1027 2604 1478 2664 laboriosissima
1523 2601 1747 2657 ratione
1794 2599 1976 2670 vitae,
2024 2600 2072 2655 si
2103 2604 2298 2657 vestra
2342 2600 2591 2656 voluntas

286 2711 360 2766 71
385 2701 567 2775 feret,
614 2713 1052 2770 consequemur.
1144 2693 1327 2763 Quam
1374 2690 1446 2747 ob
1492 2704 1644 2761 rem,
1690 2685 1968 2759 quidquid
2014 2687 2074 2742 in
2121 2688 2230 2744 hac
2261 2703 2441 2744 causa
2469 2673 2591 2743 mihi

385 2794 721 2860 susceptum
776 2790 892 2858 est,
954 2782 1242 2853 QuiriteS,
1304 2778 1363 2835 id
1421 2793 1589 2834 omne
1642 2792 1751 2847 ego
1813 2790 1905 2830 me
1972 2775 2061 2832 rei
2117 2775 2385 2847 publicae
2434 2785 2592 2831 causa

386 2877 708 2948 suscepisse
762 2871 1062 2943 confirmo,
1127 2873 1470 2938 tantumque
1550 2863 1717 2919 abest
1766 2868 1835 2919 ut
1890 2862 2144 2934 aliquam
2198 2864 2340 2920 mihi
2402 2863 2591 2919 bonam

387 2967 634 3038 gratiam
679 2962 975 3035 quaesisse
1020 2956 1246 3028 videar,
1306 2961 1375 3011 ut
1418 2953 1631 3010 multas
1670 2967 1761 3007 me
1802 2951 1977 3008 etiam
2026 2952 2353 3008 simultates
2401 2948 2594 3022 partim

387 3054 692 3119 obscuraS‚
748 3048 959 3121 partim
1006 3049 1239 3117 apertas
1284 3041 1622 3112 intellegam
1669 3038 1808 3094 mihi
1854 3053 1969 3094 non
2016 3039 2407 3112 necessariaS,
2451 3034 2593 3095 vobis

387 3157 502 3199 non
562 3137 803 3196 inutiles
866 3134 1206 3204 suscepisse.
1318 3128 1436 3189 Sed
1507 3144 1613 3199 ego
1673 3142 1765 3182 me
1820 3126 1930 3182 hoc
1988 3127 2204 3184 honore
2265 3125 2594 3198 praeditum,

390 3229 569 3286 tantis
607 3224 815 3283 vestris
859 3218 1157 3280 beneficiis
1203 3216 1496 3275 adfectum
1544 3214 1749 3286 statui,
1790 3212 2073 3288 QuiriteS,
2114 3218 2369 3271 vestram
2414 3214 2595 3270 volun-

389 3321 571 3372 tatem
618 3319 678 3371 et
722 3313 809 3369 rei
854 3310 1124 3383 publicae
1171 3305 1513 3380 dignitatem
1574 3307 1634 3359 et
1679 3302 1928 3358 salutem
1971 3302 2402 3373 provinciarum
2441 3305 2594 3370 atque

392 3404 679 3460 sociorum
726 3400 870 3456 meis
910 3396 1175 3454 omnibus
1208 3391 1519 3450 commodis
1550 3395 1610 3447 et
1644 3388 1969 3446 rationibus
1998 3388 2298 3461 praeferre
2325 3394 2595 3462 oportere.

571 3569 623 3634 1)
661 3565 930 3633 coynostis
965 3560 1241 3616 Eberhard
1278 3577 1341 3612 ex
1376 3558 1490 3611 cod.
1520 3556 1775 3625 TegernS.
1919 3553 1971 3622 2)
2013 3554 2101 3607 Sic
2135 3554 2316 3618 Halm,
2354 3553 2594 3607 horumne

393 3638 631 3704 Madvig.
716 3638 778 3689 In
815 3635 928 3688 cod.
964 3631 1225 3686 Fuldensi
1263 3645 1434 3695 quare
1477 3627 1648 3679 videte
1684 3627 1943 3678 omissum
1981 3628 2090 3689 est,
2130 3641 2250 3679 unc.
2287 3625 2416 3677 incl.
2453 3624 2594 3676 Eber-

392 3708 527 3761 hard
547 3748 559 3770 ,
601 3707 695 3775 qui
730 3712 793 3759 vot
828 3722 924 3774 pro
960 3719 1095 3756 ‘num
1133 3702 1317 3768 scrips„
1444 3699 1498 3765 3)
1538 3696 1689 3749 codd.
1728 3695 1988 3748 videmus
2154 3696 2209 3762 4)
2248 3700 2508 3762 quantam
2539 3719 2593 3728 -

392 3777 635 3832 videmus
675 3777 828 3829 deest
864 3778 918 3829 in
957 3774 1078 3827 cod.¹
1111 3772 1395 3840 Tegcrns.,
1436 3768 1587 3821 uncis
1625 3767 1748 3819 incl.
1779 3766 2066 3819 Eberhard.
2154 3768 2209 3831 5)
2250 3765 2379 3818 edit.
2407 3760 2594 3818 Juntin.

394 3848 648 3912 honore-33
696 3846 922 3900 fortasse
967 3846 1130 3898 recte.
