2669 4354
451 257 575 313 328
1210 273 1489 314 ncovsA'r.
1533 275 1601 313 IN
1647 272 1895 314 vamum

447 446 587 504 citia
629 450 689 504 te
732 439 1072 526 impedit1),
1118 447 1167 503 si
1212 448 1353 520 hoc,
1414 446 1567 519 quod
1613 463 1720 519 ego
1768 446 1873 503 abs
1928 453 1987 504 te
2031 447 2285 519 postule,
2347 447 2518 503 minus
2565 444 2626 501 ad

446 532 699 591 officium
745 538 907 591 tuum
953 535 1252 607 pertinere
1299 534 1663 593 arbitrabere
1684 580 1700 607 ,
1758 535 2065 592 succedam
2111 550 2221 605 ego
2268 534 2500 591 vicarius
2546 537 2627 589 tuo

446 623 700 694 muneri,
750 623 1057 694 suscipiam
1095 628 1290 693 partes
1308 666 1323 694 ,
1372 639 1513 695 quas
1559 623 1782 681 alienas
1828 639 1956 680 esse
2002 621 2347 680 arbitrabar.
2427 621 2626 678 Deinde

445 710 557 768 ista
600 711 904 783 praeclara
964 709 1234 768 nobilitas
1292 710 1525 768 desinat
1567 711 1732 783 queri
1793 711 2064 783 populum
2109 708 2423 768 Romanum
2478 709 2628 765 homi-

444 796 610 854 nibus
661 798 824 854 novis
867 796 1168 855 industriis
1213 798 1466 855 libenter
1510 800 1759 856 honores
1806 798 2084 855 mandare
2117 813 2456 870 semperque
2497 812 2627 853 man-

444 884 629 943 dasse.
720 885 852 943 Non
899 890 989 951 est
1040 884 1397 956 querendum
1450 886 1509 942 in
1568 886 1679 944 hac
1725 885 1988 958 civitate,
2053 901 2201 957 quae
2258 890 2490 958 propter
2537 884 2626 939 vir-

443 977 626 1030 tutem
689 971 950 1030 omnibus
1016 972 1346 1031 nationibus
1412 975 1689 1047 imperat,
1764 974 2036 1031 virtutem
2097 973 2407 1045 plurimum
2471 987 2626 1044 posse.

443 1060 531 1118 Sit
576 1059 729 1133 apud
778 1061 922 1118 alios
981 1060 1174 1132 imago
1231 1061 1294 1117 P.
1340 1059 1631 1133 Africani,
1694 1066 1975 1118 ornentur
2029 1060 2127 1117 alii
2180 1061 2393 1118 mortui
2447 1061 2626 1117 virtute

443 1163 512 1204 ac
556 1149 787 1205 nomine
806 1141 887 1226 ἱ*);
941 1148 1073 1205 talis
1118 1147 1220 1205 ille
1266 1148 1357 1205 vir
1400 1147 1539 1220 fuit,
1603 1150 1686 1204 ita
1730 1148 1804 1205 de
1861 1148 2072 1221 populo
2111 1147 2376 1206 Romano
2419 1149 2627 1205 meritus

445 1240 560 1307 est,
627 1239 690 1291 ut
740 1251 855 1292 non
915 1235 1014 1291 uni
1069 1233 1357 1308 familiae,
1426 1236 1530 1293 sed
1575 1235 1882 1293 universae
1943 1236 2165 1293 civitati
2227 1235 2627 1293 commendatus

444 1338 571 1380 esse
616 1321 842 1380 debeat.
947 1323 1055 1381 Est
1111 1324 1307 1394 aliqua
1367 1319 1499 1381 mea
1545 1339 1679 1395 pars
1742 1323 1952 1396 viriIiS,
2020 1323 2172 1395 quod
2223 1324 2354 1380 eius
2411 1323 2629 1381 civitatis

441 1426 593 1481 sum,
638 1426 807 1481 quam
846 1410 945 1467 ille
988 1410 1255 1483 amplam,
1301 1410 1600 1469 inlustrem
1650 1410 1977 1483 claramque
2020 1410 2299 1484 reddidit,
2350 1412 2627 1483 praecipue

442 1497 594 1569 quod
642 1497 703 1554 in
752 1497 840 1556 his
885 1496 1059 1555 rebus
1112 1514 1217 1569 pro
1262 1513 1394 1555 mea
1438 1503 1606 1571 parte
1651 1515 1879 1566 versor,
1940 1515 2178 1571 quarum
2239 1499 2344 1557 ille
2398 1501 2628 1571 princeps

442 1583 585 1642 fuit:
646 1586 972 1658 aequitate,
1038 1585 1352 1658 industria,
1412 1587 1829 1663 temperantia,
1898 1585 2237 1644 defensione
2298 1588 2627 1655 miserorum,

440 1673 571 1730 odio
639 1673 1056 1748 improborum;
1143 1689 1293 1744 quae
1357 1674 1623 1747 cognatio
1689 1674 2005 1732 studiorum
2074 1679 2133 1732 et
2197 1675 2416 1732 artium
2479 1689 2625 1748 prope

440 1760 669 1818 modum
723 1777 839 1818 non
885 1761 1073 1817 minus
1117 1766 1206 1818 est
1266 1762 1576 1820 coniuncta
1629 1778 1800 1834 quam
1861 1762 2005 1835 ista,
2072 1778 2186 1834 qua
2245 1778 2349 1819 vos
2404 1763 2625 1821 delecta-

441 1849 611 1921 mini,
656 1848 888 1922 generis
935 1853 995 1905 et
1038 1849 1300 1906 nominis

336 1932 423 1999 38
614 1935 839 2008 Repeto
883 1936 987 1994 abs
1031 1941 1091 1993 te
1109 1981 1125 2009 ,
1180 1937 1423 2007 VerreS,
1483 1940 1915 1993 monumentum
1964 1936 2035 2015 P.
2075 1934 2371 1994 Africani:
2429 1951 2627 1994 causam

338 2026 418 2084 82
440 2022 791 2097 Siculorum,
848 2040 1018 2096 quam
1063 2024 1320 2097 suscepi,
1382 2023 1673 2096 relinque,
1734 2022 2009 2081 iudicium
2059 2024 2130 2082 de
2176 2026 2446 2096 pecuniis
2488 2038 2625 2095 repe·

437 2112 632 2169 tundis
676 2128 750 2169 ne
792 2112 867 2169 sit
921 2111 1031 2169 hoc
1075 2117 1373 2186 tempore,
1430 2111 1877 2185 Segestanorum
1936 2111 2182 2169 iniuriae
2243 2115 2625 2187 neglegantur:

439 2200 595 2257 basis
654 2199 719 2257 P.
765 2200 1045 2272 Scipionis
1099 2202 1465 2273 restituatur,
1535 2217 1744 2258 nomen
1814 2200 2013 2258 invicti
2075 2202 2448 2273 imperatoris
2512 2200 2625 2257 inci-

439 2286 639 2360 datur,
717 2287 941 2359 signum
999 2288 1453 2360 pulcherrimum
1527 2287 1883 2361 Karthagine
1952 2295 2182 2361 captum
2204 2282 2258 2366 3)
2321 2293 2622 2362 reponatur.

438 2374 602 2432 Haec
647 2374 749 2432 abs
793 2381 854 2433 te
895 2392 1007 2432 non
1050 2374 1369 2433 Siculorum
1430 2374 1727 2449 defensor,
1785 2391 1901 2432 non
1961 2381 2094 2434 tuus
2151 2385 2479 2450 accusator,
2533 2390 2622 2432 non

438 2460 741 2535 Segestani
787 2464 1109 2536 postulant,
1162 2463 1266 2521 sed
1312 2464 1395 2537 is,
1454 2464 1552 2536 qui
1597 2462 1828 2520 laudem
1871 2464 2228 2536 gloriamque
2276 2464 2347 2523 P.
2394 2455 2652 2522 Africani?

436 2550 712 2608 tuendam
772 2551 1331 2623 conservandamque
1393 2552 1660 2623 suscepit.
1762 2551 1898 2609 Non
1929 2567 2183 2622 -vereor,
2244 2569 2320 2609 110
2384 2554 2488 2610 hoc
2527 2546 2624 2607 offi-

436 2637 587 2694 cium
626 2654 817 2695 meum
863 2638 927 2697 P.
975 2638 1217 2697 Servilio
1260 2639 1439 2696 iudici
1496 2655 1611 2696 non
1669 2638 1937 2710 probem,
1994 2640 2091 2711 qui
2150 2656 2280 2697 cum
2334 2658 2434 2699 res
2476 2637 2624 2696 maxi·

435 2740 558 2783 mas
603 2727 849 2797 gesserit
888 2733 1372 2799 monumentaque
1406 2741 1636 2783 suarum
1667 2742 1861 2783 rerum
1908 2732 2200 2798 gestarum
2232 2743 2365 2785 cum
2409 2726 2623 2785 maxime

435 2814 745 2871 constituat
789 2817 965 2885 atque
1017 2814 1079 2871 in
1135 2814 1207 2871 iis
1257 2813 1548 2885 elaboret,
1600 2811 1860 2885 profecto
1906 2815 2063 2872 volet
2116 2815 2264 2872 haec
2308 2831 2428 2872 11011
2470 2814 2649 2871 solum*

434 2901 553 2957 suis
596 2902 872 2975 posteris,
930 2918 1126 2959 verum
1175 2902 1353 2960 etiam
1391 2901 1652 2959 omnibus
1693 2900 1830 2958 viris
1883 2901 2127 2960 fortibus
2175 2908 2236 2960 et
2292 2902 2463 2961 bonis
2515 2901 2626 2958 civi-

433 2988 538 3046 bus
583 2987 979 3063 defendenda,
1035 3006 1148 3047 non
1205 2989 1504 3062 spolianda
1565 2988 1838 3060 improbis
1898 2989 2150 3047 tradere.
2255 2990 2387 3048 Non
2431 3004 2627 3056 vereor,

431 3092 508 3134 ne
552 3075 688 3144 tibi,
744 3077 808 3148 Q.
853 3076 1086 3150 Catule,
1148 3076 1482 3149 displiceat,
1542 3076 1703 3133 cuius
1750 3076 2162 3148 amplissimum
2203 3079 2332 3136 orbi
2352 3076 2406 3158 ⁴)
2466 3085 2630 3136 terra·

431 3182 558 3221 rum
600 3165 1089 3236 clarissimumque
1134 3169 1568 3221 monumentum
1600 3169 1717 3236 est,
1763 3180 1935 3236 quam
1980 3164 2261 3236 plurimos
2292 3182 2423 3223 esse
2467 3170 2629 3221 custo-

431 3252 535 3309 des
603 3258 1098 3310 monumentorum
1174 3257 1234 3310 et
1305 3258 1513 3323 putare
1587 3268 1784 3309 omnes
1861 3252 2041 3309 bonos
2118 3253 2351 3311 alienae
2431 3251 2628 3326 gloriae

329 3348 408 3404 83
430 3338 826 3398 defensionem
871 3341 944 3399 ad
989 3337 1238 3397 officium
1282 3356 1446 3396 suum
1490 3340 1809 3412 pertinere.
1896 3339 2185 3412 Equidem
2226 3342 2441 3399 ceteris
2483 3339 2628 3397 istius

571 3595 622 3661 1)
673 3593 765 3646 Sic
810 3591 961 3645 codd.
1007 3591 1140 3658 Reg.
1191 3594 1246 3643 et
1281 3589 1460 3655 Leid.;
1511 3590 1676 3659 vulgo
1719 3588 1986 3657 inmedvkt.
2201 3591 2256 3659 2)
2320 3590 2464 3644 Bake
2507 3584 2624 3641 coni.

427 3667 692 3715 ornentwr
732 3692 794 3700 -—
831 3662 1031 3716 virtute
1066 3665 1228 3726 atque
1263 3660 1450 3713 animo
1462 3678 1483 3726 ,·
1536 3660 1694 3713 Kiehl
1727 3677 1918 3728 ‚uenere
1954 3676 2022 3713 ac
2054 3661 2302 3727 nomine,
2363 3661 2502 3729 quod
2537 3674 2624 3712 rec.

426 3733 647 3798 Kayser.
828 3733 882 3798 3)
921 3733 1010 3785 Sic
1045 3733 1154 3800 opt.
1190 3731 1368 3793 codd.;
1420 3735 1583 3797 capta
1620 3737 1891 3797 receptum
1930 3731 2121 3794 Beck.;
2160 3737 2328 3798 capta
2361 3743 2624 3796 recupera-

429 3809 542 3854 tum
576 3801 638 3854 P.
675 3801 949 3854 Manutius
990 3805 1043 3854 et
1078 3801 1320 3854 Lambin.
1372 3818 1433 3853 ex
1470 3802 1760 3854 Hotomani
1800 3802 2085 3856 sententia.
2257 3803 2315 3871 4)
2353 3801 2440 3854 810
2474 3799 2623 3852 Halm

431 3888 491 3923 ex
527 3871 675 3924 codd.
718 3873 821 3939 opt.
858 3872 952 3924 cfr.
989 3871 1052 3925 de
1089 3870 1228 3925 dom.
1268 3871 1409 3939 §24
1450 3888 1499 3939 p.
1542 3871 1678 3924 Sest.
1717 3875 1746 3934 ξ
1775 3872 1858 3925 66.
1898 3873 2108 3939 Zumpt.
2150 3872 2284 3926 coni.
2322 3873 2381 3924 in
2414 3870 2546 3924 orbi.
