2669 4354
900 264 1013 304 PRO
1057 265 1108 305 P.
1150 231 1371 304 sns'ruo,
1933 272 1952 288 .
2121 251 2240 307 261

73 438 136 494 nis
172 438 313 511 eiuS,
376 437 473 510 qui
535 436 686 494 hanc
739 436 1035 494 nationem
1079 436 1263 495 deleri
1327 443 1390 495 et
1439 437 1663 495 concidi
1717 439 1963 510 cupivit:
2030 440 2128 511 qui
2185 438 2246 497 C.

73 524 338 583 Gaesarem
356 570 371 598 ,
426 526 626 583 mitem
680 524 969 582 hominem
1017 521 1078 582 et
1132 540 1168 581 a
1230 525 1410 583 caede
1478 526 1888 583 abhorrentem
1915 521 1993 605 ¹),
2069 542 2248 600 saepe

69 614 343 687 increpuit,
385 628 561 686 saepe
609 612 928 685 accusavit,
976 629 1107 669 cum
1153 610 1487 671 adfirmaret
1527 614 1689 675 illum
1735 629 2063 688 numquam,
2110 615 2246 672 dum

68 702 180 759 haec
220 702 384 760 natio
428 701 681 774 viveret,
747 700 871 759 sine
917 717 1056 758 cura
1091 699 1364 761 futurum.
1469 701 1626 759 Nihil
1690 700 1937 775 profecit
1992 702 2066 759 de
2122 703 2249 760 uni-

67 791 244 848 versis:
307 789 382 847 de
424 805 518 848 me
561 804 738 861 agere
782 805 900 845 non
944 788 1197 862 destitit;
1257 806 1349 847 me
1404 790 1785 863 oppugnavit,
1847 786 2095 863 primum
2138 806 2246 863 per

67 878 275 936 indicem
304 877 596 949 Vettium,
643 893 814 949 quem
858 876 919 933 in
951 877 1220 935 contione
1254 877 1328 935 de
1374 894 1467 935 me
1516 883 1576 936 et
1620 877 1694 936 de
1743 878 2075 939 clarissimis
2109 878 2247 935 viris

66 965 423 1038 interrogavit.
515 966 583 1023 In
621 980 736 1036 quo
770 969 966 1021 tamen
999 979 1099 1021 eos
1133 965 1290 1022 cives
1323 966 1619 1023 coniunxit
1650 966 1855 1024 eodem
1892 966 2152 1039 periculo
2188 972 2248 1023 et

65 1054 294 1127 crimine,
374 1058 439 1110 ut
486 1068 522 1110 a
564 1069 656 1111 me
703 1051 901 1109 inierit
943 1052 1216 1125 gratiam,
1276 1052 1430 1125 quod
1474 1070 1567 1111 me
1616 1070 1744 1111 cum
1792 1053 2159 1127 amplissimis
2190 1056 2252 1112 et

65 1140 354 1199 fortissimis
399 1140 541 1198 viris
588 1139 977 1213 congregavit.
1069 1138 1183 1197 Sed
1224 1145 1429 1212 postea
1469 1141 1609 1198 mihi
1663 1142 1820 1199 nullo
1860 1157 1989 1199 meo
2022 1141 2249 1215 merit0,
2269 1138 2363 1205 64

65 1230 145 1285 nisi
198 1229 353 1303 quod
401 1228 564 1286 bonis
604 1228 840 1301 placere
885 1227 1212 1301 cupiebam,
1268 1243 1468 1286 omnes
1514 1234 1603 1287 est
1642 1229 1883 1288 insidias
1921 1229 2250 1288 sceleratis·
2273 1234 2395 1291 133

63 1317 172 1375 sime
229 1316 609 1374 machinatus.
730 1314 837 1373 Ille
899 1314 973 1372 ad
1037 1331 1166 1387 eos,
1242 1332 1279 1373 a
1336 1315 1540 1389 quibus
1596 1316 1975 1391 audiebatur,
2036 1316 2248 1375 cotidie

63 1404 246 1477 aliquid
292 1404 365 1462 de
412 1420 506 1461 me
552 1400 675 1460 ficti
696 1396 748 1481 2)
793 1400 1121 1460 adferebat:
1164 1402 1263 1461 ille
1310 1403 1598 1462 hominem
1644 1405 1783 1462 mibi
1824 1405 2247 1478 amicissimum,

65 1490 137 1549 Gn.
176 1491 515 1565 Pompeium
535 1535 550 1564 ,
615 1489 921 1562 monebat,
983 1495 1048 1548 ut
1098 1506 1287 1547 meam
1342 1490 1569 1549 domum
1625 1498 1916 1551 metueret
1979 1497 2155 1565 atque
2213 1508 2249 1551 a

63 1581 291 1653 meipso
338 1585 604 1650 caveret,
680 1578 779 1635 ille
843 1593 905 1634 se
966 1578 1051 1635 sic
1109 1594 1239 1635 cum
1292 1578 1525 1637 inimico
1585 1595 1715 1637 meo
1777 1581 2109 1653 copularat,
2185 1585 2252 1637 ut

62 1666 186 1725 illum
231 1684 401 1725 meae
446 1665 881 1740 proscriptionis
898 1709 914 1738 ,
961 1682 1131 1738 quam
1172 1665 1483 1726 adiuvabat
1502 1657 1588 1746 ⁸)‘,
1634 1666 1763 1724 Sex.
1789 1666 2034 1740 ClodiuS,
2078 1667 2248 1725 homo

14 1817 21 1842 ᾗ
64 1755 126 1812 eis
150 1755 515 1828 dignissimus
532 1799 547 1827 ,
595 1753 928 1826 quibuscum
958 1752 1099 1811 vivit
1117 1797 1132 1827 ,
1175 1753 1433 1812 tabulam
1452 1799 1467 1827 ,
1515 1771 1644 1813 sese
1677 1755 2017 1828 scriptorem
2061 1746 2251 1835 esse4)

15 1873 25 1900 t
63 1840 280 1917 diceret3
325 1842 429 1900 ille
463 1858 609 1899 unus
651 1841 866 1899 ordinis
912 1841 1095 1898 nostri
1146 1840 1399 1899 discessu
1439 1858 1595 1917 meo,
1639 1844 1794 1900 luctu
1824 1848 2017 1901 vestro
2059 1842 2250 1914 palam

64 1932 352 1990 exsultavit.
448 1929 539 1987 De
584 1945 696 2001 quo
744 1945 876 2002 ego,
920 1944 1048 1985 cum
1091 1929 1302 1987 cotidie
1347 1934 1572 2003 rueret,
1613 1930 1851 1987 verbum
1895 1929 2041 2003 feci,
2101 1929 2249 1987 iudi-

14 2033 21 2050 *
66 2032 165 2091 ceS,
204 2033 544 2090 numquam:
590 2033 780 2089 neque
824 2016 1048 2090 putavi,
1095 2032 1223 2073 cum
1268 2017 1530 2075 omnibus
1574 2018 1853 2076 machinis
1896 2034 1967 2075 ac
1996 2023 2249 2075 tormen-

12 2051 23 2185 ζ
64 2105 142 2179 tis,
201 2100 366 2185 vi5),
436 2105 725 2177 exercitu,
791 2104 968 2176 copiis
1028 2120 1419 2180 oppugnarer,
1495 2105 1566 2163 de
1625 2121 1739 2163 uno
1799 2105 2097 2181 sagittario
2154 2121 2247 2163 me

14 2188 21 2211 ⁵
66 2196 197 2264 queri
249 2193 581 2252 convenire.
689 2193 837 2250 Acta
890 2207 1021 2249 mea
1081 2193 1190 2250 sibi
1253 2193 1334 2249 ait
1396 2192 1723 2267 displicere.
1832 2194 1973 2266 Quis
2023 2194 2251 2252 nescit?

67 2283 140 2351 qui
196 2282 389 2356 legem
457 2297 643 2338 meam
711 2284 1065 2352 contemnat,
1145 2296 1295 2351 quae
1361 2280 1609 2340 dilucide
1676 2287 1836 2340 vetat
1900 2281 2252 2356 gladiatores

12 2368 23 2461 1
68 2366 299 2445 biennio,
369 2385 483 2442 quo
540 2369 666 2441 quis
722 2368 961 2440 petierit
1003 2373 1104 2426 aut
1123 2362 1175 2446 ⁸)
1220 2369 1508 2440 petiturus
1560 2370 1664 2443 sit,
1733 2370 1914 2427 dare‘?
2027 2370 2096 2427 In
2144 2383 2254 2442 quo
2275 2376 2400 2433 134

12 2460 25 2543 ξ
68 2455 163 2514 eius
202 2458 597 2517 temeritatem
641 2456 781 2513 satis
826 2454 1058 2529 mirari,
1116 2455 1339 2513 iudices
1358 2502 1373 2530 ,
1434 2472 1546 2514 non
1595 2474 1759 2530 queo,
1867 2457 2038 2515 Facit
2083 2473 2256 2530 aper-

14 2548 21 2633 .
66 2543 253 2604 tissime
284 2550 491 2604 contra
536 2544 752 2617 legem:
798 2542 940 2600 facit
984 2543 1063 2616 is,
1109 2543 1205 2616 qui
1251 2560 1440 2617 neque
1486 2545 1638 2603 elabi
1687 2562 1757 2604 ex
1800 2544 2013 2602 iudicio
2056 2544 2255 2602 iucun-

14 2626 27 2719 {5
67 2629 217 2691 ditate
263 2649 370 2691 sua
425 2647 614 2704 neque
660 2631 848 2689 emitti
893 2631 1082 2703 gratia
1128 2636 1320 2703 potest
1377 2649 1565 2704 neque
1613 2633 1817 2705 opibus
1877 2638 1936 2691 et
1991 2632 2256 2705 potentia

16 2718 195 2795 leges
249 2737 319 2779 ac
378 2720 597 2778 iudicia
652 2717 1038 2792 perfringere
1139 2718 1300 2790 Quae
1362 2735 1456 2777 res
1517 2719 1804 2778 hominem
1862 2720 2139 2793 impellit,
2193 2724 2256 2776 ut

16 2880 17 2895 χ
16 2796 121 2862 sit
166 2814 284 2866 tam
343 2809 784 2880 intemperans?
873 2802 1020 2882 [Iste
1066 2806 1244 2863 nimia
1289 2806 1507 2880 gloriae
1562 2807 1895 2881 cupiditate.
1907 2800 1997 2884 ]⁷)
2060 2806 2257 2864 Fami-

63 2893 176 2953 liam
215 2895 645 2969 gladiatoriam,
698 2894 898 2967 cred0,
955 2898 1196 2951 nanctus
1245 2900 1336 2952 est
1379 2895 1727 2969 speciosam,
1793 2895 2047 2953 nobilem
2066 2939 2080 2967 ,
2136 2895 2258 2965 glo-

63 2982 279 3061 riosam3
353 2988 527 3041 norat
593 2982 782 3041 studia
847 2981 1042 3054 populi
1060 3025 1073 3051 ,
1148 2981 1383 3040 videbat
1460 2983 1742 3041 clamores
1812 2988 1874 3041 et
1943 2996 2257 3040 concursus

61 3066 281 3130 futuros.
371 3071 500 3129 Hac
549 3069 980 3143 exspectatione
1029 3069 1215 3127 elatus
1261 3069 1431 3128 homo
1474 3069 1725 3144 flagrans
1773 3069 2089 3143 cupiditate
2138 3069 2257 3142 glo-

62 3158 165 3216 riae
208 3167 416 3219 tenere
463 3175 527 3216 se
573 3175 688 3216 non
733 3159 950 3230 potuit,
1009 3157 1145 3229 quin
1193 3174 1291 3215 eos
1334 3157 1689 3231 gladiatores
1733 3158 2073 3230 induceret,
2122 3173 2260 3230 quo-

62 3262 165 3304 rum
207 3252 367 3306 esset
405 3247 533 3321 ipse
579 3245 1014 3318 pulcherrimus,
1105 3244 1165 3302 Si
1210 3246 1281 3303 ob
1328 3261 1456 3304 eam
1497 3263 1730 3305 causam
1770 3251 2045 3319 peccaret
2062 3240 2115 3324 ⁸)
2154 3259 2259 3317 pro

183 3457 235 3522 1)
290 3452 356 3505 In
407 3451 520 3506 cod.
557 3449 678 3503 Par
715 3448 982 3502 hominem
1019 3453 1067 3502 et
1102 3466 1139 3501 a
1179 3449 1340 3502 caede
1376 3449 1445 3502 ab
1483 3467 1643 3531 supra
1686 3451 1779 3504 lin.
1829 3467 1860 3503 a
1893 3466 1962 3504 m.
2011 3464 2114 3502 rec.
2159 3448 2261 3511 est,

64 3523 182 3576 unde
218 3523 389 3576 Halm
425 3538 525 3575 scr.
563 3520 748 3573 mitem
784 3518 1052 3572 hominem
1088 3524 1137 3572 et
1172 3519 1242 3572 ab
1279 3519 1426 3573 omni
1460 3521 1515 3572 vi
1551 3515 1935 3574 abhorrentem.
2080 3518 2134 3585 2)
2173 3517 2262 3572 Sic

65 3591 249 3648 Manut.
289 3592 455 3657 coni.;
498 3591 648 3644 codd.
687 3589 891 3656 defecti.
964 3588 1188 3658 Madvig
1227 3589 1444 3656 aliquid
1476 3590 1606 3656 fieti.
1802 3591 1855 3658 3)
1895 3605 2059 3657 quam
2100 3587 2260 3640 adiu-

64 3665 208 3718 vabat
244 3680 370 3718 unc.
409 3663 532 3716 incl.
570 3660 857 3714 Eberhard
1069 3661 1125 3727 4)
1177 3659 1265 3713 Sic
1299 3660 1493 3724 Halm3
1530 3659 1675 3715 codd.
1724 3676 1834 3713 esse
1860 3676 1915 3713 se
1950 3659 2263 3725 scriptorem

66 3749 179 3796 e83e‚·
214 3735 387 3802 vulgo
422 3747 530 3785 esse
563 3747 618 3784 36
654 3731 982 3798 scriptorem.
1065 3732 1118 3799 5)
1160 3730 1247 3783 Sic
1283 3730 1618 3813 Naugerium
1658 3731 1808 3785 codd.
1848 3735 1925 3783 ut.
2011 3729 2066 3796 6)
2101 3728 2260 3794 petie-

67 3804 123 3857 rit
156 3811 256 3858 aut
292 3819 416 3856 unc.
452 3803 578 3856 incl.
617 3801 852 3870 Madvig.
1017 3802 1069 3868 7)
1108 3801 1286 3854 Veiba
1320 3801 1474 3853 uncis
1508 3772 1633 3856 incl’.
1670 3800 1915 3868 Madvig;
1954 3800 2087 3866 Jeep
2126 3798 2258 3850 coni.

67 3883 123 3927 est
156 3877 302 3928 enim
345 3873 514 3925 nimia
546 3872 617 3940 ql.
657 3888 774 3939 cup.
902 3871 958 3940 8)
988 3876 1238 3939 peccaret
1272 3877 1321 3924 et
1358 3871 1531 3937 codd.;
1570 3877 1619 3925 et
1657 3871 1759 3925 del.
1799 3869 1979 3925 Orelli.

134 3961 222 4004 Cic.
255 3960 403 4003 oratt.
434 3958 538 4000 Sell.
674 4016 677 4019 Α
1269 4017 1272 4020 ἢ
1836 3948 1914 4004 17
