2669 4354
382 226 464 283 88
1323 238 1542 279 omni-10
1577 239 1644 277 11.

380 422 441 474 et
484 418 546 474 in
591 416 869 488 sanguine
915 415 1151 488 civium,
1207 431 1359 488 quae
1404 420 1598 473 mente
1654 416 1944 473 scelerata
1961 409 2009 492 1)
2073 432 2141 474 ac
2186 415 2417 475 nefaria
2460 432 2587 473 con-

380 506 749 578 cupiverunt,
808 520 871 561 se
919 503 1183 562 consules
1232 509 1333 561 aut
1376 503 1693 562 dictatores
1737 509 1836 561 aut
1890 504 2069 563 etiam
2123 520 2293 577 reges
2358 512 2589 576 sperant

380 593 646 652 futuros?
705 609 822 650 non
860 591 1062 650 vident
1098 591 1161 649 id
1202 609 1265 650 se
1309 608 1551 666 cupere,
1617 591 1770 664 quod
1814 593 1864 650 si
1904 591 2102 665 adepti
2147 592 2294 666 sint,
2354 592 2587 665 fugitivo

279 684 361 740 20
380 682 556 740 alicui
614 685 714 739 aut
774 680 1082 752 gladiatori
1128 681 1367 739 concedi
1421 681 1498 738 sit
1555 697 1798 738 necesse
1814 682 1842 736 ⁴?
1943 681 2205 737 Tertium
2261 697 2445 753 genus
2506 687 2589 739 est

380 774 578 830 aetate
621 769 740 827 iam
778 767 1099 841 adfectum,
1144 769 1250 827 sed
1294 775 1489 827 tamen
1538 769 1954 826 exercitatione
1998 768 2320 842 robustum,
2367 786 2478 843 quo
2525 786 2587 827 ex

381 873 598 932 genere
647 861 737 914 est
791 857 916 929 ipse
942 849 994 936 2)
1043 856 1327 930 Manlius,
1392 858 1482 914 0111
1527 872 1679 914 1111110
1726 856 1973 914 Catilina
2018 855 2289 915 succedit.
2382 857 2527 916 Sunt
2541 853 2588 935 ⁸)

380 946 644 1004 homines
705 960 776 1002 ex
830 945 903 1002 iis
950 944 1215 1018 001011113,
1271 961 1412 1017 quas
1435 939 1490 1023 4)
1535 944 1694 1003 Sulla
1740 945 2069 1017 constituit3
2126 961 2269 1017 quas
2317 962 2425 1018 ego
2470 947 2588 1003 uni-

380 1050 578 1092 versas
623 1033 832 1091 civium
883 1049 1013 1090 esse
1066 1033 1410 1105 optimorum
1464 1037 1526 1091 et
1583 1032 2036 1091 fortissimorum
2076 1033 2329 1091 virorum
2391 1034 2586 1108 sentio,

383 1122 488 1181 sed
544 1127 740 1178 tamen
787 1120 983 1178 insunt
1039 1117 1270 1197 [coloni]
1291 1114 1372 1201 5),
1450 1122 1546 1194 qui
1605 1137 1669 1179 se
1723 1122 1788 1178 111
1806 1114 1858 1202 ⁶)
1915 1122 2229 1195 insperatis
2275 1138 2345 1180 ac
2391 1139 2587 1194 repen-

382 1211 520 1268 tinis
584 1209 851 1282 pecuniis
915 1209 1302 1282 sumptuosius
1378 1210 1834 1282 insolentiusque
1907 1210 2217 1268 iactarunt.
2328 1209 2409 1267 Hi
2467 1210 2588 1268 dum

383 1296 693 1357 aedificant
737 1303 1032 1368 tamquam
1073 1297 1259 1371 beati,
1305 1297 1440 1355 dum
1481 1297 1739 1370 praediis
1782 1299 1950 1355 lectis
1971 1291 2042 1373 ⁷),
2086 1297 2321 1356 familiis
2358 1299 2588 1372 magnis

385 1385 660 1445 conviviis
719 1383 1011 1457 adparatis
1067 1384 1453 1459 delectantur,
1508 1386 1569 1442 in
1628 1391 1852 1444 tantum
1908 1401 2008 1444 aes
2065 1386 2320 1444 alienum
2382 1387 2590 1445 incide-

383 1479 550 1548 runt,
612 1477 705 1546 ut,
764 1472 815 1529 si
857 1472 1000 1530 salvi
1043 1489 1172 1530 esse
1219 1473 1428 1547 velint,
1488 1473 1650 1533 Sulla
1706 1474 1781 1531 sit
1837 1475 1908 1532 iis
1955 1473 2027 1531 ab
2072 1472 2278 1531 inferis
2345 1475 2588 1533 excitan-

385 1564 514 1635 dus3
606 1561 701 1634 qui
777 1561 954 1619 etiam
1019 1577 1134 1619 non
1207 1561 1398 1619 nullos
1471 1567 1730 1633 agrestes
1801 1562 2063 1620 homines
2144 1567 2353 1621 tenues
2424 1569 2585 1636 atque

387 1656 626 1725 egentes
705 1649 768 1706 in
836 1649 1080 1708 eandem
1148 1649 1309 1707 illam
1366 1666 1527 1722 spem
1601 1650 1934 1723 rapinarum
2007 1655 2273 1708 veterum
2356 1651 2587 1724 impule-

383 1743 535 1796 runt.
679 1737 832 1808 Quos
909 1753 1016 1809 ego
1084 1742 1388 1810 utrosque,
1480 1737 1540 1794 in
1610 1738 1812 1796 eodem
1893 1754 2110 1811 genere
2188 1740 2586 1812 praedatorum

385 1827 852 1899 direptorumque
912 1841 1092 1897 pono,
1168 1825 1272 1883 sed
1326 1841 1426 1883 eos
1482 1825 1592 1883 hoc
1647 1842 1876 1884 moneo:
1954 1825 2226 1884 desinant
2283 1825 2480 1886 furere
2537 1832 2587 1884 et

384 1914 836 1988 proscriptiones
911 1919 972 1971 et
1044 1912 1362 1971 dictaturas
1437 1914 1712 1986 cogitare.
1846 1913 2065 1972 Tantus
2141 1915 2296 1972 enim
2371 1916 2584 1973 illorum

386 2008 708 2074 temporum
785 2000 948 2058 dolor
1019 2001 1242 2059 inustus
1311 2006 1403 2059 est
1467 2001 1719 2075 civitati,
1795 2006 1861 2059 ut
1912 2002 2029 2059 iam
2098 2003 2213 2061 ista
2282 2019 2401 2060 non
2434 2002 2583 2061 modo

388 2090 676 2163 homines,
750 2087 854 2146 sed
923 2104 997 2147 ne
1076 2087 1328 2161 pecudes
1395 2088 1629 2161 quidem
1692 2089 1832 2147 mihi
1892 2106 2174 2163 passurae
2243 2107 2373 2150 esse
2443 2091 2582 2148 vide-
2617 2112 2620 2127 ‘1

282 2171 369 2239 10
389 2185 578 2237 antur.
686 2177 964 2249 Quartum
1026 2193 1208 2250 genus
1265 2182 1357 2235 est
1409 2194 1549 2237 sane
1594 2180 1817 2236 varium
1874 2184 1934 2237 et
1988 2181 2225 2238 mixtum
2284 2185 2347 2239 et
2404 2180 2580 2237 turbu-

287 2269 365 2324 21
387 2268 637 2339 1011111111,
707 2266 805 2337 qui
854 2265 971 2322 iam
1021 2265 1246 2338 pridem
1302 2271 1666 2339 premuntur,
1742 2268 1840 2338 qui
1912 2284 2219 2341 numquam
2278 2273 2579 2342 emergunt,

388 2355 487 2427 qui
530 2353 739 2427 partim
794 2353 1008 2409 inertia
1024 2398 1040 2427 ‚
1097 2354 1308 2426 partim
1354 2355 1503 2412 male
1548 2354 1803 2427 gerendo
1847 2356 2109 2429 negotio,
2163 2357 2374 2428 partim
2424 2356 2581 2414 etiam

388 2441 706 2514 sumptibus
764 2442 826 2496 in
881 2445 1082 2499 vetere
1141 2457 1280 2500 aere
1341 2441 1531 2500 alieno
1576 2443 1880 2517 vacillant,
1936 2444 2034 2515 qui
2089 2443 2457 2517 vadimoniiS,
2508 2443 2580 2499 iu-

387 2530 583 2603 diciis,
656 2527 1173 2601 proscriptionibus
1192 2521 1243 2611 8)
1310 2530 1592 2589 bonorum
1656 2529 1987 2603 defatigati,
2059 2533 2335 2604 permulti
2407 2537 2467 2590 et
2523 2546 2582 2587 ex

387 2616 532 2676 urbe
589 2622 651 2676 et
689 2632 761 2674 ex
820 2618 975 2690 agris
1034 2632 1098 2674 se
1156 2618 1218 2674 in
1268 2618 1372 2675 illa
1431 2623 1622 2675 castra
1683 2616 1947 2676 conferre
2009 2619 2295 2679 dicuntur.
2409 2620 2581 2677 Hosce

389 2722 498 2779 ego
540 2721 654 2763 non
710 2708 832 2762 tam
887 2704 1100 2762 milites
1157 2720 1320 2764 acres
1371 2722 1540 2778 quam
1598 2703 1941 2764 infitiatores
2003 2708 2193 2765 lentos
2253 2724 2383 2766 esse
2448 2706 2582 2765 arbi-

386 2800 535 2867 tror3
603 2792 702 2866 qui
744 2792 1002 2850 homines
1049 2809 1220 2865 quam
1231 2788 1280 2873 9)
1325 2794 1600 2868 primum,
1670 2793 1719 2851 si
1760 2798 1916 2852 stare
1967 2811 2082 2852 non
2127 2800 2398 2869 possunt,
2467 2810 2582 2851 con-

385 2886 590 2955 ruant‚
668 2880 771 2938 sed
820 2881 904 2938 ita
922 2925 937 2953 ‚
1012 2885 1076 2937 ut
1132 2896 1247 2938 non
1305 2882 1472 2939 modo
1532 2882 1765 2954 civitaS‚
1835 2881 1937 2939 sed
1996 2900 2071 2941 ne
2128 2883 2306 2940 vicini
2368 2883 2583 2955 quidem

383 2970 629 3043 proximi
675 2969 944 3028 sentiant.
1046 2967 1195 3026 Nam
1249 2968 1392 3026 illud
1448 2985 1564 3026 non
1609 2970 1889 3042 intellego
1904 3016 1920 3045 ‚
1988 2987 2160 3043 quam
2206 2970 2278 3029 ob
2324 2989 2450 3029 rem
2467 3015 2481 3044 ,
2545 2968 2584 3024 si

383 3060 583 3116 vivere
642 3058 885 3115 honeste
952 3071 1067 3113 non
1138 3063 1405 3131 possunt,
1477 3057 1672 3130 perire
1733 3058 1981 3130 turpiter
2043 3059 2259 3132 velint,
2338 3065 2440 3117 aut
2498 3072 2586 3114 cur

383 3147 605 3204 minore
664 3145 861 3203 dolore
919 3145 1212 3216 perituros
1268 3160 1332 3202 se
1385 3161 1513 3202 cum
1565 3145 1761 3201 multis
1780 3190 1795 3217 ‚
1870 3162 2041 3217 quam
2093 3147 2143 3203 si
2188 3146 2297 3204 soli
2336 3149 2585 3219 pereant,

281 3235 362 3291 22
385 3235 758 3294 arbitrentur.
849 3232 1121 3304 Quintum
1165 3249 1347 3306 genus
1396 3238 1484 3290 est
1527 3233 1945 3305 parricidarum
1961 3278 1977 3307 ‚
2023 3234 2360 3292 sicariorum
2374 3280 2390 3309 ‚
2435 3231 2584 3291 deni-

526 3489 580 3555 1)
628 3485 989 3539 conscelerata
1023 3483 1173 3537 codd.
1209 3484 1385 3550 multi,
1421 3483 1711 3537 Eberhard.
1845 3483 1898 3551 2)
1934 3483 2035 3537 iste
2069 3490 2147 3537 est
2182 3486 2339 3541 codd.
2376 3482 2581 3553 aliquot,

382 3556 675 3613 Eberhard.
785 3556 839 3624 3)
878 3555 938 3608 hi
970 3559 1102 3607 swnt
1137 3553 1286 3607 codd.
1323 3572 1433 3608 non
1469 3554 1621 3608 nulli.
1725 3554 1781 3622 4)
1818 3554 1954 3607 Post
1988 3569 2127 3619 quas
2167 3556 2318 3610 codd.
2360 3556 2582 3627 plerique

383 3628 646 3685 Faesulis
668 3625 902 3689 addunt,
943 3642 1045 3679 om.
1082 3624 1396 3693 LagomarS.
1430 3641 1538 3678 non
1575 3624 1729 3679 nulli.
1812 3624 1868 3692 5)
1907 3623 1997 3677 Sic
2033 3624 2334 3694 Eberhard,
2378 3627 2437 3679 hi
2470 3624 2582 3677 sunt

383 3698 562 3754 coloni
584 3697 736 3752 codd.
833 3698 887 3764 6)
925 3696 990 3748 v'sn
1023 3694 1146 3749 add.
1183 3695 1405 3749 Ernesti
1441 3694 1505 3748 de
1542 3696 1675 3748 coni.
1777 3696 1831 3761 7)
1872 3693 1961 3746 Sic
1998 3694 2151 3749 codd.
2190 3700 2365 3767 pauci,
2402 3691 2581 3749 lecticis

382 3774 484 3826 cet.
523 3769 672 3824 codd.
689 3810 702 3835 ,
742 3768 921 3821 Halm.
1133 3765 1189 3834 8)
1227 3765 1506 3820 Eberhard
1542 3781 1604 3819 ex
1637 3763 1788 3819 codd.
1827 3763 2146 3833 quibusdam
2173 3765 2579 3835 prosmptiom·

381 3843 437 3912 9)
476 3856 645 3911 qaam
681 3839 838 3894 deest
872 3838 931 3892 in
967 3835 1141 3907 codd„
1178 3835 1298 3891 add.
1337 3836 1517 3891 Halm.
