2669 4354
925 272 1038 311 PRO
1082 273 1133 311 P.
1180 272 1400 312 sns‘no.
2143 257 2265 312 221

93 460 231 502 arma
253 436 299 523 1)
354 445 412 502 in
474 446 754 517 templum
777 438 831 524 ²)
890 444 1145 504 Castoris
1205 446 1400 518 palam
1461 444 1969 518 comportabantur
1985 489 2000 517 ,
2058 444 2272 518 gradus

92 533 320 590 ciusdem
366 534 568 606 templi
613 532 997 606 tollebantur3
1059 533 1266 592 armati
1323 533 1588 591 homines
1634 532 1818 590 forum
1865 537 1925 590 et
1971 532 2271 590 contiones

2 611 11 664 ἕ
89 621 370 694 tenebant,
439 621 649 679 caedes
706 622 1202 694 lapidationesque
1259 620 1510 695 fiebant,
1580 620 1771 678 nullus
1833 626 1964 678 erat
2019 625 2270 694 senatuS,

89 708 210 766 nihil
252 709 465 782 reliqui
508 709 911 783 magistratus:
952 726 1097 767 unus
1137 726 1364 767 omnem
1405 709 1655 767 omnium
1701 713 2049 780 potestatem
2095 709 2271 765 armis

88 801 136 853 et
173 797 490 856 latrociniis
534 797 899 870 possidebat,
960 814 1075 855 non
1121 798 1313 870 aliqua
1356 797 1413 854 vi
1459 813 1567 854 sua
1585 841 1600 869 ,
1660 794 1763 854 sed
1805 812 1934 853 cum
1978 796 2091 854 duo
2136 812 2273 853 con-

4 905 13 914 *
86 885 217 941 sules
270 902 306 941 a
365 903 431 943 re
481 885 713 957 publica
756 885 1180 957 provinciarum
1227 884 1466 943 foedere
1512 884 1882 956 retraxisset,
1936 883 2270 956 insultabat,

85 972 484 1046 dominabatur,
530 973 659 1031 aliis
702 973 1084 1044 pollicebatur
1100 966 1172 1051 ⁸),
1219 979 1443 1031 terrore
1489 988 1557 1030 ac
1598 977 1761 1029 metu
1803 972 2032 1045 multos,
2075 971 2271 1044 plures

86 1061 243 1117 etiam
306 1078 410 1134 spe
480 1065 542 1118 et
599 1062 896 1133 promissis
966 1062 1226 1119 tenebat.
1317 1060 1479 1130 Quae
1542 1077 1673 1117 cum
1735 1064 1932 1117 essent
1976 1058 2270 1132 eiusmodi,
2292 1059 2372 1118 35

81 1148 280 1206 iudices
299 1193 315 1222 ,
364 1162 493 1206 cum
531 1153 770 1206 senatus
817 1149 995 1207 duces
1037 1149 1226 1207 nullos
1268 1164 1339 1207 ac
1383 1165 1491 1222 pro
1537 1146 1779 1206 ducibus
1817 1147 2142 1220 proditores
2173 1151 2273 1204 aut

79 1237 248 1307 potius
308 1242 541 1309 apertos
582 1236 779 1294 hostes
818 1237 1062 1295 haberet
1084 1281 1100 1309 ‚
1155 1241 1428 1308 equester
1488 1236 1629 1293 ordo
1683 1252 1820 1293 reus
1864 1252 1901 1293 a
1948 1234 2272 1293 consulibus

10 1359 17 1392 ÷
80 1325 369 1396 citaretur,
433 1323 641 1383 Italiae
706 1325 880 1382 totius
938 1326 1251 1382 auctoritas
1295 1324 1731 1396 repudiaretur,
1788 1323 1891 1379 alii
1934 1323 2274 1380 nominatim

10 1407 17 1486 J:
78 1413 497 1485 relegarentur,
558 1413 661 1470 alii
705 1418 868 1470 metu
914 1418 976 1472 et
1017 1412 1279 1485 periculo
1317 1415 1686 1470 terrerentur
1704 1455 1720 1483 ,
1766 1426 1929 1468 arma
1975 1416 2170 1468 essent
2211 1411 2273 1467 in

79 1501 314 1573 templis,
377 1501 588 1558 armati
631 1501 692 1558 in
731 1499 857 1558 foro
874 1546 890 1575 ,
932 1518 1118 1573 eaque
1164 1517 1281 1558 non
1326 1500 1560 1558 silentio
1606 1499 1904 1557 consulum
1947 1497 2273 1557 dissimula-

8 1577 19 1636 ὲ
77 1594 292 1661 rentur,
364 1587 469 1646 sed
524 1593 586 1646 et
629 1605 771 1646 voce
833 1594 894 1646 et
956 1591 1249 1647 sententia
1294 1586 1837 1660 comprobarentur3
1904 1601 2034 1643 cum
2072 1602 2272 1644 omnes

10 1679 19 1690 “
76 1675 262 1733 urbem
307 1675 565 1733 nondum
612 1676 926 1734 exscissam
950 1670 1008 1756 4)
1056 1682 1116 1735 et
1162 1691 1452 1748 eversam,
1507 1675 1612 1733 sed
1664 1676 1778 1731 iam
1823 1679 2050 1746 captam
2094 1677 2270 1745 atque

10 1747 23 1846 ξ
77 1779 396 1835 oppressam
462 1764 823 1837 videremuS,
893 1769 1092 1822 tamen
1157 1765 1246 1822 his
1316 1764 1494 1821 tantis
1556 1762 1723 1820 malis
1783 1767 1943 1819 tanto
1988 1761 2271 1819 bonorum

10 1897 15 1934 =
77 1852 276 1926 studio,
349 1852 602 1925 iudiceS,
661 1852 1107 1925 restitissemuS,
1177 1852 1281 1910 sed
1339 1868 1432 1909 me
1497 1851 1600 1908 alii
1660 1854 1852 1908 metus
1897 1854 2070 1922 atque
2116 1849 2269 1907 aliae
2359 1856 2367 1867 ‘

10 1953 15 1970 ⁵
77 1956 234 1998 curae
283 1940 757 2012 suspicionesque
804 1945 1120 1998 moverunt.

228 2028 536 2100 Exponam
604 2028 758 2085 enim
828 2027 1110 2086 hodierno
1184 2027 1312 2097 die,
1381 2026 1632 2097 iudiceS,
1699 2041 1927 2083 omnem
1984 2023 2270 2080 rationem
2288 2019 2377 2085 16

76 2115 198 2173 facti
249 2121 314 2173 et
378 2116 604 2173 consilii
659 2116 804 2175 mei:
866 2132 1055 2188 neque
1113 2116 1247 2172 huic
1304 2120 1498 2173 vestro
1556 2117 1718 2171 tanto
1764 2112 1957 2170 studio
2002 2111 2272 2168 audiendi
2292 2114 2371 2171 36

75 2221 167 2261 nec
211 2222 356 2262 vero
403 2205 541 2262 huic
586 2209 784 2263 tantae
830 2205 1200 2275 multitudini,
1248 2208 1467 2276 quanta
1497 2218 1627 2260 mea
1657 2202 1933 2259 memoria
1963 2216 2272 2272 numquam

4 2284 13 2361 ἓ
77 2291 176 2350 ullo
237 2294 303 2350 in
368 2292 582 2350 iudicio
648 2291 789 2366 fuit,
856 2292 1053 2351 deero,
1144 2293 1293 2350 Nam
1359 2292 1410 2349 si
1464 2308 1571 2363 ego
1616 2291 1677 2347 in
1723 2305 1897 2347 causa
1941 2294 2061 2346 tam
2105 2288 2271 2363 bona,

6 2368 11 2377 ’
75 2385 214 2438 tanto
263 2380 462 2438 studio
502 2385 740 2438 senatus
759 2425 775 2454 ,
820 2396 1103 2438 consensu
1148 2386 1267 2438 tam
1311 2378 1640 2436 incredibili
1685 2378 1964 2435 bonorum
2003 2377 2272 2450 omnium,

4 2488 11 2541 '.
75 2471 173 2525 tam
215 2473 430 2541 parato
453 2462 524 2547 ⁵),
569 2472 693 2526 tota
736 2468 982 2540 denique
1013 2468 1185 2526 Italia
1230 2467 1304 2525 ad
1351 2483 1577 2525 omnem
1624 2466 2050 2523 contentionem
2097 2480 2272 2537 expe-

74 2554 177 2613 dita
241 2557 400 2615 cessi
462 2555 680 2613 tribuni
725 2556 942 2628 plebi8‚
1015 2555 1460 2629 despicatissimi
1504 2554 1782 2626 hominiS,
1856 2551 2065 2625 furori,
2139 2569 2273 2610 con-

74 2644 573 2715 temptissimorum
605 2645 903 2701 consulum
937 2645 1236 2702 levitatem
1267 2643 1684 2714 audaciamque
1714 2641 2006 2714 pertimui,
2036 2640 2274 2698 nimium

72 2748 149 2788 me
193 2732 483 2804 timidum,
531 2732 742 2788 nullius
775 2731 970 2805 animi,
1000 2733 1215 2789 nullius
1246 2730 1471 2788 consilii
1515 2728 1693 2787 fuisse
1741 2727 2033 2786 confiteor.
2124 2727 2275 2798 Quid
2295 2730 2373 2787 37

72 2820 209 2877 enim
242 2820 438 2878 simile
470 2818 581 2876 fuit
612 2820 673 2876 in
702 2819 767 2890 Q.
800 2818 1083 2876 Metello?
1115 2820 1280 2876 cuius
1312 2834 1548 2875 causam
1571 2818 1682 2875 etsi
1711 2832 1909 2874 omnes
1934 2814 2274 2889 probabant,

71 2912 252 2966 tamen
281 2924 482 2980 neque
532 2913 769 2965 senatus
808 2908 1037 2979 publice
1084 2923 1273 2978 neque
1316 2907 1470 2964 ullus
1501 2905 1641 2963 ordo
1671 2905 1901 2977 proprie
1934 2920 2122 2976 neque
2155 2905 2281 2987 suis'

71 2993 313 3053 decretis
360 2995 536 3053 Italia
578 3000 788 3052 cuncta
834 3000 1186 3067 susceperat.
1278 2994 1370 3052 Ad
1393 3010 1554 3051 suam
1587 2993 1743 3051 enim
1772 2990 2063 3064 quandam
2092 2993 2276 3064 magis

70 3084 153 3140 ille
210 3084 460 3157 gloriam
519 3099 690 3155 quam
748 3082 823 3140 ad
870 3083 1239 3156 perspicuam
1297 3083 1543 3140 salutem
1597 3081 1685 3140 rei
1727 3080 1993 3153 publicae
2040 3080 2277 3151 spiritus

72 3177 391 3245 sumpserat
410 3163 494 3250 6),
541 3187 669 3228 cum
712 3188 860 3228 unus
905 3171 967 3228 in
1011 3171 1202 3243 legem
1248 3187 1355 3242 per
1395 3171 1510 3227 vim
1551 3171 1729 3227 latam
1759 3169 1953 3226 iurare
1985 3169 2276 3226 noluerat:

196 3408 251 3474 1)
293 3405 437 3458 Ante
482 3420 645 3456 arma
689 3403 909 3472 supplet
954 3402 1328 3456 coniventibus
1366 3404 1634 3471 Pluygers
1672 3407 1727 3457 et
1762 3402 2020 3456 excidisse
2055 3405 2277 3471 partici-

72 3477 206 3542 pium
264 3476 380 3529 tale
433 3474 576 3543 quod
623 3474 915 3527 verisimile
966 3475 1062 3527 est.
1294 3474 1347 3540 2)
1385 3473 1554 3528 Codd.
1604 3477 1713 3543 opt.
1758 3474 1821 3526 iu
1865 3473 2082 3541 templo,
2134 3475 2276 3543 quod

71 3545 309 3600 defendit
346 3545 586 3611 Madvig.
761 3545 815 3611 3)
853 3544 964 3597 Aut
1000 3543 1222 3597 delenda
1259 3547 1388 3597 sunt
1422 3545 1585 3597 verba
1623 3545 1696 3598 al.
1725 3544 1986 3611 pollicib„
2022 3548 2085 3598 ut
2108 3545 2276 3613 Pluy-

71 3633 179 3682 gers
249 3617 477 3678 iudicat‚
525 3617 644 3678 aut,
708 3614 850 3682 quod
911 3614 1260 3668 verisimilius
1323 3618 1434 3676 est,
1496 3614 1693 3668 excidit
1751 3613 2074 3668 minabatur
2131 3615 2276 3669 aliis.

71 3688 116 3753 4)
152 3689 244 3741 Sic
300 3686 555 3748 Lambin;
608 3684 848 3737 excisam
903 3684 1053 3738 codd.
1276 3687 1329 3750 5)
1380 3655 1739 3739 Probabiliter
1787 3686 2084 3739 Mommsen
2138 3686 2275 3740 coni.

70 3758 322 3811 excidisse
371 3756 605 3824 popule,
663 3757 869 3821 Kayser
923 3755 1151 3823 equestri
1200 3754 1408 3808 ordine.
1656 3758 1710 3823 6)
1750 3755 1976 3823 spiritus
2029 3755 2152 3809 add.
2207 3758 2276 3810 H.

72 3829 124 3882 A.
159 3829 336 3882 Koch.
382 3828 480 3880 cfr.
518 3827 685 3879 Hertz
734 3828 770 3879 1.
813 3842 855 3878 c.
899 3841 950 3892 p.
979 3827 1071 3890 45;
1118 3824 1340 3894 Madvig
1382 3825 1609 3879 coniecit
1652 3831 1768 3879 tum
1803 3831 2094 3893 spectarat.
2166 3826 2277 3880 Alii

73 3914 178 3949 eam
215 3901 558 3965 sumpserat,
596 3895 959 3962 superbierat,
998 3900 1301 3962 supererat,
1338 3902 1664 3963 respexerat.
