2669 4354
415 242 540 298 222
1396 256 1615 297 ORATIO

415 434 665 506 denique
712 432 1017 491 videbatur
1063 448 1136 491 ea
1182 433 1517 491 condicione
1559 437 1680 490 tam
1712 431 1874 489 fortis
1905 429 2102 504 fuisse,
2147 434 2216 488 ut
2246 447 2366 487 cum
2394 430 2589 502 patriae

415 523 659 581 caritate
729 523 1089 579 constantiae
1159 522 1402 594 gloriam
1468 525 1860 578 commutaret.
1949 519 2098 576 Erat
2165 524 2357 577 autem
2406 534 2495 576 res
2545 518 2592 576 ei

416 627 546 668 cum
592 611 853 669 exercitu
899 606 981 685 [C.
1014 607 1214 686 Marii]
1235 603 1286 687 1)
1330 609 1577 676 invicto,
1626 608 1879 666 habebat
1924 608 2218 665 inimicum
2264 605 2323 664 O.
2353 606 2591 679 Marium,

418 704 881 756 conservatorem
940 698 1164 769 patriae
1182 742 1196 767 ,
1253 703 1477 755 sextum
1527 698 1642 754 iam
1687 698 1850 754 illum
1894 697 2255 753 consulatum
2294 700 2592 767 gerentem3

418 803 514 844 res
577 790 705 845 erat
759 803 888 843 cum
939 783 1004 842 L.
1045 784 1382 859 Saturnino,
1441 786 1653 842 iterum
1713 784 1945 841 tribuno
2003 783 2189 855 plebis
2209 827 2225 854 ,
2277 783 2537 856 vigilante
2553 777 2593 860 ²)

418 876 651 932 homine
704 879 766 930 et
809 874 870 931 in
914 888 1087 930 causa
1124 875 1385 946 populari
1434 874 1482 931 si
1526 890 1642 931 non
1685 872 2014 944 moderate,
2075 876 2140 929 at
2185 876 2346 930 certe
2390 871 2595 943 popula-

419 963 564 1019 riter
607 962 1079 1033 abstinenterque
1101 956 1153 1039 3)
1198 967 1447 1020 versato.
1539 959 1760 1034 Cessit,
1814 976 1889 1017 ne
1929 965 2032 1017 aut
2076 961 2262 1017 victus
2308 975 2345 1016 a
2383 957 2596 1017 fortibus

416 1050 555 1107 viris
617 1066 744 1106 cum
788 1049 1077 1107 dedecore
1125 1051 1364 1109 caderet
1405 1054 1506 1107 aut
1550 1050 1736 1107 victor
1779 1049 1973 1105 multis
2019 1053 2078 1106 et
2124 1045 2366 1106 fortibus
2412 1046 2596 1104 civibus

314 1135 396 1192 38
416 1155 539 1195 rem
583 1137 872 1209 publicam
915 1138 1166 1196 orbaret.
1254 1137 1453 1195 Meam
1510 1152 1743 1194 causam
1787 1141 2022 1194 senatus
2067 1136 2262 1209 palam
2280 1180 2295 1209 ,
2361 1139 2598 1207 equester

417 1224 557 1284 ordo
601 1226 914 1297 acerrime,
955 1230 1161 1283 cuncta
1205 1226 1378 1283 Italia
1421 1225 1685 1297 publice,
1731 1240 1931 1282 omnes
1975 1224 2111 1281 boni
2154 1223 2392 1297 proprie
2432 1224 2598 1280 enixe-

415 1329 525 1385 que
571 1317 960 1384 susceperant.
1050 1313 1169 1371 Eas
1227 1330 1322 1371 res
1369 1328 1696 1386 gesseram,
1762 1329 2004 1385 quarum
2057 1328 2171 1370 nou
2217 1329 2364 1369 unus
2410 1317 2599 1382 auctor,
2645 1353 2646 1404 ᾖ

413 1401 517 1459 sed
562 1401 676 1458 dux
720 1401 971 1458 omnium
1017 1402 1328 1460 voluntatis
1373 1400 1610 1459 fuissem
1629 1446 1644 1475 ,
1698 1417 1968 1473 quaeque
2016 1416 2133 1458 non
2177 1400 2349 1458 modo
2396 1399 2469 1458 ad
2508 1399 2600 1457 sin·
2645 1407 2646 1478 ᾖ

414 1490 671 1563 gularem
748 1505 935 1546 meam
995 1490 1262 1563 gloriam,
1332 1488 1436 1547 sed
1510 1490 1585 1547 ad
1643 1505 2006 1546 communem
2067 1489 2316 1546 salutem
2380 1488 2600 1546 omnium
2645 1485 2646 1544 ἶ

414 1577 622 1635 civium
681 1581 740 1634 et
798 1592 979 1649 prope
1034 1578 1292 1651 gentium
1344 1577 1738 1650 pertinerent,
1794 1592 1868 1634 ea
1928 1576 2266 1635 condicione
2315 1592 2600 1649 gessem,

412 1670 477 1723 ut
520 1681 712 1723 meum
751 1664 967 1722 factum
1012 1682 1243 1738 semper
1287 1681 1486 1724 omnes
1527 1670 1830 1737 praestare
1875 1665 2142 1736 tuerique
2188 1663 2491 1722 deberent.

315 1741 397 1807 17
587 1752 734 1811 Erat
791 1758 986 1810 autem
1046 1753 1185 1810 mihi
1233 1753 1527 1812 contentio
1572 1770 1687 1811 non
1733 1769 1861 1809 cum
1907 1752 2125 1810 victore
2172 1753 2466 1825 exercitu,
2521 1749 2602 1807 sed

319 1839 330 1850 '
415 1859 544 1899 cum
589 1840 779 1913 operis
827 1840 1122 1899 conductis
1169 1846 1229 1899 et
1275 1841 1351 1899 ad
1395 1839 1778 1913 diripiendam
1821 1840 2024 1898 urbem
2063 1840 2408 1899 concitatis:
2454 1838 2603 1897 habe-

415 1930 548 1987 bam
603 1929 898 1986 inimicum
954 1945 1067 1986 non
1113 1927 1175 1985 C.
1213 1929 1494 2002 Marium,
1555 1934 1841 1986 terrorem
1896 1928 2171 2002 hostium,
2232 1944 2401 2000 spem
2448 1927 2603 1985 subsi-
2647 1927 2648 1942 ¹

415 2018 686 2089 diumque
732 2017 990 2089 patriae,
1033 2017 1138 2075 sed
1177 2016 1290 2074 duo
1337 2018 1665 2088 importuna
1702 2016 1983 2090 prodigia,
2028 2032 2169 2088 quos
2198 2022 2454 2088 egestaS,
2488 2030 2603 2087 quos

415 2106 571 2163 aeris
628 2104 806 2161 alieni
864 2104 1199 2176 magnitudo
1218 2148 1233 2176 ,
1303 2122 1446 2176 quos
1509 2104 1747 2177 levitaS,
1824 2121 1965 2177 quos
2009 2104 2352 2176 improbitas
2399 2104 2602 2161 tribuno

314 2189 392 2246 39
413 2194 602 2267 plebis
666 2193 1002 2250 constrictos
1047 2193 1366 2251 addixerat.
1455 2194 1581 2251 Nec
1629 2194 1767 2250 mihi
1814 2199 1943 2250 erat
1980 2210 2077 2251 res
2124 2209 2254 2250 cum
2299 2193 2601 2258 Saturnine,

414 2281 542 2354 qui,
587 2279 737 2352 quod
783 2296 819 2337 a
864 2297 927 2338 se
973 2286 1279 2353 quaestore
1319 2280 1570 2339 Ostiensi
1611 2298 1719 2354 per
1763 2281 2138 2354 ignominiam
2182 2280 2258 2338 ad
2303 2282 2601 2353 principem

417 2376 477 2427 et
520 2374 754 2428 senatus
800 2372 860 2426 et
904 2369 1154 2426 civitatis
1173 2413 1188 2442 ,
1248 2370 1329 2426 M.
1378 2368 1655 2426 Scaurum
1672 2413 1686 2440 ,
1728 2386 1854 2426 rem
1901 2368 2344 2426 frumentariam
2390 2368 2604 2426 transla-

415 2463 534 2515 tam
593 2456 814 2514 sciebat
835 2450 922 2536 4),
980 2455 1241 2514 dolorem
1295 2474 1461 2514 suum
1513 2472 1722 2529 magna
1777 2458 2144 2514 contentione
2204 2458 2391 2515 animi
2435 2469 2605 2529 perse-

427 2544 738 2617 quebatur:
795 2543 898 2602 sed
957 2561 1086 2601 cum
1146 2560 1473 2602 scurrarum
1534 2544 1909 2616 locupletium
1968 2550 2184 2618 scort0,
2250 2561 2384 2602 cum
2430 2542 2609 2602 sororis

416 2633 698 2706 adultero,
743 2648 872 2689 cum
919 2636 1246 2705 stuprorum
1292 2632 1611 2705 sacerdote,
1657 2648 1786 2689 cum
1831 2631 2105 2705 venefico,
2150 2649 2280 2690 cum
2324 2638 2610 2690 testamen-

417 2721 587 2793 tari0,
635 2737 764 2777 cum
810 2720 1037 2792 sicario,
1078 2737 1208 2777 cum
1253 2721 1505 2778 latrone:
1553 2736 1694 2791 quos
1724 2719 2005 2793 homineS,
2051 2720 2130 2794 si,
2175 2720 2237 2777 id
2278 2722 2437 2792 quod
2463 2718 2610 2777 facile

413 2808 573 2866 factu
633 2806 744 2866 fuit
799 2813 859 2866 et
906 2807 1058 2879 quod
1116 2805 1244 2866 fieri
1295 2808 1499 2865 debuit
1551 2807 1818 2879 quodque
1865 2823 1901 2864 a
1947 2825 2039 2866 me
2089 2809 2291 2879 optimi
2341 2816 2405 2867 et
2442 2807 2608 2866 fortis·

416 2898 544 2955 simi
591 2896 747 2954 cives
792 2895 1163 2969 flagitabant,
1209 2897 1267 2953 vi
1312 2897 1600 2967 armisque
1648 2911 2009 2968 superassem
2028 2941 2043 2969 ,
2091 2913 2207 2954 non
2246 2897 2511 2961 verebar,
2549 2908 2608 2949 ne

415 2986 539 3057 quis
595 2990 697 3042 aut
754 2984 866 3040 vim
919 2984 977 3041 vi
1022 2982 1322 3056 depulsam
1370 2982 1831 3055 reprehenderet
1877 2990 1978 3041 aut
2020 2984 2379 3055 perditorum
2425 2983 2607 3042 civium

415 3075 509 3130 vel
550 3072 739 3144 potius
786 3071 1229 3129 domesticorum
1273 3072 1523 3128 hostium
1547 3065 1600 3149 5)
1640 3076 1886 3129 mortem
1916 3077 2209 3130 maereret
2234 3065 2303 3147 6).
2397 3071 2510 3130 Sed
2535 3084 2608 3126 me

414 3162 518 3218 illa
575 3164 908 3218 moverunt:
986 3159 1247 3217 omnibus
1306 3159 1369 3215 in
1431 3159 1790 3216 contionibus
1850 3160 1955 3217 illa
2009 3160 2162 3218 furia
2221 3161 2510 3217 clamabat
2544 3173 2610 3225 se,

414 3266 562 3322 quae
609 3248 837 3306 faceret
882 3253 1082 3305 contra
1125 3247 1375 3304 salutem
1420 3263 1626 3320 meam,
1673 3246 1871 3305 facere
1918 3253 2156 3305 auctore
2197 3246 2299 3305 On.
2332 3245 2607 3320 Pompeio,

414 3337 734 3394 clarissimo
800 3336 924 3394 viro
993 3335 1247 3407 mihique
1318 3339 1379 3392 et
1446 3351 1599 3392 nunc
1674 3339 1734 3392 et
1791 3334 1978 3407 quoad
2041 3336 2204 3393 licuit
2271 3335 2608 3393 amicissimo.

556 3533 611 3597 1)
651 3530 706 3584 0.
747 3530 932 3583 Marii
964 3546 1080 3583 unc.
1117 3529 1244 3584 incl.
1280 3529 1445 3593 Paul,
1484 3529 1774 3584 Eberhard.
1960 3530 2014 3597 2)
2052 3529 2310 3597 viyilanti
2343 3526 2605 3584 Eberhard.

414 3604 469 3668 3)
509 3601 575 3654 In
627 3601 751 3655 Par.
782 3603 891 3653 .est
957 3599 1375 3667 aistineterque,
1441 3599 1582 3654 unde
1642 3600 1941 3654 Mommsen
1999 3601 2136 3654 coni.
2202 3606 2605 3666 constanterque.

413 3674 470 3737 4)
508 3669 855 3725 succensebat
902 3671 1035 3723 coni.
1081 3671 1320 3725 Richter.
1535 3672 1590 3736 5)
1627 3671 1708 3723 vel
1752 3687 1805 3737 p.
1857 3670 1995 3724 dom.
2043 3670 2278 3725 hostiam
2316 3673 2460 3725 uncis
2496 3669 2605 3721 incl.

413 3742 650 3808 Kayser,
708 3740 851 3809 quod
905 3741 1228 3793 omittuntur
1279 3741 1414 3795 haec
1463 3743 1624 3795 verba
1674 3759 1707 3794 a
1751 3741 1914 3794 schol.
1969 3741 2101 3795 Bob.
2316 3744 2368 3807 6)
2405 3744 2605 3793 mortem

413 3813 569 3867 deest
614 3812 670 3865 in
717 3815 827 3880 opt.
875 3811 1054 3874 codd.;
1102 3811 1268 3865 schol.
1315 3811 1449 3864 Bob.
1491 3817 1714 3864 mortem
1768 3810 2033 3865 derideret
2043 3831 2064 3873 ;
2117 3813 2213 3865 alii
2250 3814 2380 3867 coni.
2417 3808 2604 3864 cladem

412 3884 498 3936 vel
535 3882 749 3936 caedem
780 3886 1055 3935 maereret.
