2669 4354
411 218 537 275 100
1334 233 1554 275 ORATIO
1597 233 1689 274 111.

411 407 563 464 Iovis
622 406 840 482 Optimi
891 408 1131 465 Maximi
1190 408 1407 465 factum
1470 424 1597 465 esse
1655 408 1943 474 videatur,
2005 411 2097 478 ut,
2158 422 2289 463 cum
2346 405 2599 464 hodierno

413 495 508 553 die
551 511 721 553 mane
772 512 880 567 per
922 495 1111 553 forum
1164 511 1294 553 meo
1353 495 1512 552 iussu
1573 500 1633 554 et
1689 495 1975 552 coniurati
2028 500 2089 552 et
2145 510 2343 552 eorum
2402 494 2597 551 indices

412 584 474 641 in
520 583 726 641 aedem
772 582 1133 645 Concordiae,
1175 582 1559 655 ducerentur,
1629 598 1698 642 eo
1745 583 1872 654 ipso
1927 587 2191 654 tempore
2238 583 2462 654 signum
2504 589 2597 638 sta·
2657 656 2658 661 ¹

413 674 716 729 tueretur?
804 688 916 744 quo
974 673 1269 729 conlocato
1338 676 1511 742 atque
1579 669 1653 727 ad
1720 686 1819 728 vos
1898 676 2282 742 senatumque
2349 685 2597 728 converso

412 760 631 832 omnia,
689 756 772 835 [et
830 764 1065 818 senatus
1113 764 1174 817 et
1216 755 1338 834 vos]
1361 751 1412 838 1)
1471 773 1619 830 quae
1666 764 1837 817 erant
1897 760 2151 832 cogitata
2209 763 2412 815 contra
2470 759 2597 814 salu-

309 851 389 905 22
411 853 530 906 tem
562 847 840 920 omnium,
883 847 1194 907 inlustrata
1240 852 1302 904 et
1343 845 1638 918 patefacta
1680 845 1920 904 vidistis
2011 846 2137 917 Quo
2183 846 2360 903 etiam
2402 845 2596 902 maiore

409 939 540 992 sunt
600 935 699 993 isti
745 934 877 993 odio
923 934 1314 1006 supplicioque
1371 934 1532 1005 digni
1550 978 1565 1008 ,
1628 933 1727 1006 qui
1779 950 1894 992 non
1951 935 2133 992 solum
2177 934 2386 990 vestris
2445 933 2597 990 domi·

411 1022 559 1080 ciliis
634 1029 809 1095 atque
868 1023 1039 1080 tectis
1053 1067 1068 1095 ,
1132 1022 1235 1081 sed
1302 1022 1479 1080 etiam
1542 1021 1781 1080 deorum
1843 1022 2069 1094 templis
2134 1027 2308 1095 atque
2369 1021 2596 1079 delubris

411 1115 543 1168 sunt
606 1107 867 1169 funestos
923 1125 993 1167 ac
1037 1108 1291 1168 nefarios
1315 1111 1504 1181 ‘ignes
1562 1109 1782 1168 inferre
1830 1110 2039 1167 conati.
2145 1108 2365 1180 Quibus
2416 1125 2519 1181 ego
2562 1109 2595 1165 si
2651 1100 2652 1107 '

410 1214 502 1256 me
547 1198 833 1259 restitisse
879 1197 1092 1271 dicam,
1147 1197 1386 1256 nimium
1432 1196 1572 1254 mihi
1618 1213 1839 1255 sumam
1885 1202 1945 1256 et
1994 1213 2110 1254 non
2156 1199 2260 1254 sim
2321 1195 2595 1266 ferendus·

410 1285 544 1358 ille,
584 1286 682 1344 ille
730 1286 995 1358 Iuppiter
1039 1285 1283 1358 restitit,
1327 1285 1429 1343 ille
1476 1284 1848 1359 Capitolium,
1892 1286 1993 1345 ille
2036 1285 2185 1343 haec
2229 1285 2474 1358 templa,
2516 1285 2596 1341 ille
2649 1304 2650 1307 ¹

411 1378 677 1433 cunctam
730 1373 959 1446 urbem,
1021 1373 1123 1430 ille
1183 1388 1282 1431 vos
1338 1389 1537 1431 omnes
1597 1373 1782 1430 salvos
1841 1388 1970 1430 esse
2030 1373 2228 1430 voluit.
2343 1371 2450 1429 Dis
2511 1388 2650 1444 ego
2643 1396 2658 1415 ι’

409 1460 826 1519 immortalibus
895 1460 1138 1519 ducibus
1222 1460 1373 1519 hanc
1455 1464 1710 1519 mentem
1732 1454 1785 1541 ²)
1858 1461 2326 1532 voluntatemque
2396 1461 2594 1532 suscepi
2639 1442 2658 1551 1

410 1553 584 1621 atque
636 1548 712 1606 ad
770 1549 916 1607 haec
976 1552 1142 1606 tanta
1199 1547 1417 1607 indicia
1459 1547 1719 1621 perveni.
1823 1548 1945 1606 Iam
1990 1565 2130 1606 vero
2176 1545 2314 1624 [illa
2358 1548 2596 1605 Allobro·

411 1653 546 1708 gum
592 1637 923 1696 sollicitatio
960 1632 1099 1712 iam]
1116 1629 1169 1716 ³)
1212 1636 1285 1695 ab
1328 1636 1577 1694 Lentulo
1624 1637 1948 1708 ceterisque
1992 1635 2320 1694 domesticis
2365 1635 2596 1693 hostibus
2643 1644 2650 1677 ³

409 1728 531 1780 tam
577 1723 882 1782 dementer
939 1728 1141 1783 tantae
1185 1739 1281 1783 res
1327 1724 1588 1782 creditae
1646 1729 1708 1782 et
1750 1725 1962 1796 ignotis
2003 1730 2062 1782 et
2117 1724 2382 1783 barbaris
2447 1720 2658 1798 [com-1

410 1811 620 1868 missae
665 1807 919 1888 litterae]
943 1805 998 1891 4)
1054 1827 1364 1884 numquam
1411 1817 1607 1870 essent
1644 1811 1931 1886 profecto,
1989 1812 2102 1869 nisi
2146 1811 2218 1870 ab
2258 1812 2348 1870 dis
2389 1811 2595 1868 immor·
2643 1806 2648 1895 1

409 1899 624 1957 talibus
684 1900 818 1958 huic
879 1904 1078 1958 tantae
1139 1899 1418 1957 audaciae
1480 1900 1781 1957 consilium
1849 1905 2005 1958 esset
2071 1904 2349 1972 ereptum
2470 1897 2652 1979 Quidl

411 1989 588 2045 vero?
631 1993 695 2045 ut
734 1988 994 2045 homines
1043 1986 1193 2046 Galli
1240 2003 1311 2045 ex
1354 1988 1589 2046 civitate
1633 1987 1783 2045 male
1830 1992 2067 2060 pacata,
2121 2003 2273 2059 quae
2320 2003 2458 2060 gens
2499 1999 2593 2043 una
2657 2030 2658 2033 1

411 2079 627 2147 restat,
688 2090 837 2146 quae
881 2075 1099 2133 bellum
1151 2075 1367 2147 populo
1407 2074 1669 2133 Romano
1710 2074 1907 2133 facere
1949 2091 2131 2148 -posse
2190 2079 2250 2132 et
2293 2091 2408 2132 non
2462 2073 2589 2131 nolle
2657 2135 2658 2138 Ἴ

410 2161 705 2235 videatur,
765 2179 925 2234 spem
970 2162 1199 2236 imperii
1245 2177 1316 2221 ac
1360 2180 1554 2221 rerum
1598 2163 2079 2235 amplissimarum
2103 2156 2156 2242 ⁵)
2214 2163 2365 2221 ultro
2418 2162 2521 2222 sibi
2564 2176 2589 2218 a

410 2250 672 2321 patriciis
745 2250 1068 2308 hominibus
1142 2250 1397 2309 oblatam
1471 2252 1853 2324 neglegerent
1925 2256 2292 2324 vestramque
2375 2253 2588 2310 salutem
2657 2297 2658 2308 ,

411 2338 530 2395 81118
569 2337 770 2408 opibus
813 2342 1267 2413 anteponerent,
1328 2338 1389 2397 id
1433 2355 1549 2396 non
1590 2338 1861 2397 divinitus
1915 2337 2130 2397 factum
2187 2356 2317 2398 esse
2361 2338 2588 2413 putatis?
2657 2384 2658 2403 1

408 2424 753 2590 1116686113111
812 2426 911 2498 qui
969 2442 1074 2484 nos
1129 2442 1248 2484 non
1302 2426 1611 2499 pugnando
1629 2470 1644 2499 ,
1719 2426 1823 2486 sed
1880 2427 2127 2486 tacendo
2186 2444 2459 2500 superare
2513 2441 2590 2498 po·

409 2512 630 2571 tuerint
709 2555 722 2568 .

304 2588 392 2655 10
586 2599 769 2670 Quam
809 2600 882 2658 ob
924 2618 1075 2674 rem,
1123 2601 1407 2674 QuiriteS,
1452 2601 1717 2673 quoniam
1765 2602 1839 2660 ad
1884 2602 2077 2660 omnia
2119 2602 2445 2675 pulvinaria
2485 2616 2592 2671 sup-
2645 2591 2658 2666 s

310 2684 390 2741 23
408 2686 642 2758 plicatio
696 2687 936 2746 decreta
990 2694 1111 2762 est,
1187 2689 1546 2747 celebratote
1595 2689 1725 2746 illos
1786 2688 1910 2747 dies
1971 2706 2098 2747 cum
2153 2690 2487 2762 coniugibus
2536 2702 2590 2743 ac
2657 2731 2658 2736 1

407 2773 606 2834 liberis
645 2773 869 2833 vestris,
966 2776 1114 2835 Nam
1159 2776 1324 2835 multi
1370 2792 1545 2849 saepe
1592 2776 1841 2835 honores
1887 2776 1974 2835 dis
2018 2777 2437 2836 immortalibus
2478 2774 2589 2834 iusti

406 2860 593 2920 habiti
645 2868 779 2921 sunt
825 2879 893 2921 ac
937 2863 1145 2938 debiti,
1208 2864 1313 2924 sed
1356 2862 1621 2936 profecto
1665 2864 1933 2923 iustiores
1977 2882 2305 2937 numquam.
2412 2862 2588 2935 Erepti

405 2950 562 3007 enim
604 2951 744 3010 estis
791 2967 862 3007 ex
900 2951 1294 3011 crudelissimo
1346 2968 1416 3011 ac
1469 2951 1791 3010 miserrimo
1850 2953 2119 3010 interitu:
2181 2954 2306 3012 sine
2328 2947 2379 3033 ⁷)
2436 2950 2587 3011 caede
2657 3001 2658 3004 ,

404 3038 531 3095 81116
589 3039 899 3112 sanguine,
968 3040 1094 3098 sine
1159 3040 1419 3097 exercitu
1479 3039 1606 3097 81116
1662 3040 2030 3099 dimicatione
2100 3042 2285 3113 togati
2349 3058 2440 3100 me
2498 3053 2587 3096 uno

301 3123 384 3179 24
402 3129 597 3196 togato
642 3126 785 3185 duce
842 3131 903 3184 et
960 3128 1312 3200 imperatore
1366 3126 1611 3187 vicistis.
1713 3128 1948 3186 Etenim
2003 3130 2419 3203 recordamini,
2480 3127 2587 3197 Qui-

402 3213 572 3287 rites,
634 3228 831 3274 omnes
877 3214 1074 3273 civiles
1117 3214 1537 3288 dissensioneS,
1597 3232 1715 3273 non
1761 3216 1946 3274 solum
1992 3233 2120 3291 eas,
2167 3233 2310 3290 quas
2354 3215 2585 3283 audistis

546 3397 598 3462 1)
636 3402 687 3452 et
722 3401 946 3449 senatus
981 3400 1030 3450 et
1064 3412 1158 3451 vos
1195 3413 1294 3451 om
1329 3397 1435 3451 duo
1463 3395 1637 3467 codd„
1674 3398 1781 3453 del.
1805 3399 1984 3453 Halm.
2128 3399 2180 3467 2)
2222 3397 2460 3466 anrites
2488 3393 2585 3450 add.

403 3482 466 3519 ex
507 3481 612 3519 uno
647 3466 762 3520 cod.
806 3466 1096 3523 Eberhard
1161 3469 1215 3537 3)
1247 3468 1353 3521 illa
1380 3439 1737 3536 Allobroyum
1768 3468 2081 3523 sollicitatio
2116 3470 2230 3521 iam
2268 3468 2374 3524 del.
2392 3471 2586 3523 Momm-

403 3553 527 3603 sen,
582 3536 775 3606 Halm,
828 3537 1120 3592 Eberhard.
1331 3538 1389 3605 4)
1426 3538 1742 3591 commissae
1779 3539 1989 3593 litterae
2035 3539 2217 3594 delent
2244 3540 2431 3610 Halm,
2469 3539 2635 3602 Kay-

403 3623 510 3673 ser,
560 3578 852 3662 Eberhard.
1065 3610 1119 3676 5)
1177 3608 1547 3664 maximarum
1584 3609 1861 3663 Eberhard
1898 3627 1959 3664 ex
2006 3609 2158 3664 codd.
2208 3610 2352 3678 quib.
2393 3612 2583 3675 Lagom

400 3678 456 3743 6)
487 3678 772 3743 potuerint
805 3677 1050 3745 Madvig:
1080 3682 1378 3746 potuerwnt
1415 3678 1565 3733 codd
1748 3680 1803 3761 7)
1839 3679 2008 3748 erepti
2044 3683 2171 3734 ante
2212 3680 2329 3733 sine
2365 3679 2509 3734 addit
2539 3690 2585 3728 ex

399 3746 552 3801 codd.
605 3747 876 3873 [1161180116
913 3747 1214 3819 Eberhard,
1278 3749 1370 3817 qui
1415 3752 1541 3817 post
1588 3751 1859 3817 sanyuv'sne
1908 3750 2394 3820 interpunctionem
2444 3746 2584 3803 maio-

397 3834 510 3871 rem
545 3834 673 3885 pom
