2669 4354
895 267 1078 306 LIBER
1120 266 1408 316 QVARTVS.
1504 254 1507 255 ’
2130 249 2254 306 323

72 444 116 494 et
146 444 555 496 consecratum.
647 437 707 495 Si
753 437 923 495 iudex
974 455 1088 496 non
1137 456 1296 497 esses
1349 446 1408 497 et
1456 441 1602 497 haec
1660 440 1733 498 ad
1792 446 1852 497 te
1913 439 2109 497 delata
2160 456 2256 497 res

70 530 224 599 esset,
270 532 328 585 te
371 527 729 598 potissimum
773 527 882 584 hoc
921 528 1216 600 persequi,
1261 533 1320 584 te
1367 534 1590 601 petere,
1633 533 1693 585 te
1723 543 1899 598 agere
1946 532 2256 599 oporteret.

70 613 229 683 Quare
268 631 384 671 non
430 613 654 685 dubito,
712 631 824 686 quo
871 615 1062 672 animo
1106 614 1279 671 iudex
1325 614 1494 671 huius
1547 616 1802 672 criminis
1847 631 1975 672 esse
2021 614 2255 687 debeaS,

70 703 141 772 qui
191 701 346 775 apud
403 703 574 758 alium
630 701 879 758 iudicem
939 702 1117 759 multo
1166 703 1383 775 acrior,
1460 719 1628 774 quam
1693 719 1800 775 ego
1864 718 2017 775 sum,
2094 706 2257 759 actor

71 796 460 860 accusatorque
509 805 637 847 esse
683 788 945 847 deberes

213 877 394 935 Vobis
432 884 660 949 autem,
712 877 960 950 iudiceS,
1022 876 1157 947 quid
1203 875 1310 933 hoc
1356 876 1649 950 indignius
1709 882 1812 935 aut
1871 876 2005 948 quid
2066 877 2254 933 minus
2272 874 2358 942 32

71 962 342 1023 ferendum
399 963 583 1022 videri
639 967 864 1037 potest?
973 963 1267 1022 Verresne
1314 964 1553 1022 habebit
1599 966 1750 1023 domi
1804 981 1942 1022 suae
1987 964 2255 1022 candela-
2277 970 2353 1026 71

69 1052 206 1110 brum
250 1053 406 1110 Iovis
453 1068 486 1109 e
547 1053 787 1125 gemmis
842 1068 1096 1123 auroque
1152 1046 1587 1131 perfectum‘?¹)
1644 1054 1806 1110 cuius
1852 1052 2073 1125 fulgore
2124 1069 2257 1108 con-

69 1141 235 1197 lucere
283 1146 457 1212 atque
514 1140 812 1197 inlustrari
859 1140 1011 1197 Iovis
1057 1137 1270 1211 Optimi
1315 1140 1556 1197 Maximi
1609 1141 1887 1213 templum
1933 1139 2254 1213 oportebat,

73 1227 119 1284 id
153 1228 302 1301 apud
346 1229 519 1285 istum
564 1229 622 1285 in
683 1228 808 1285 eius
853 1226 1007 1284 modi
1064 1228 1337 1284 conviviis
1390 1228 1798 1301 constituetur,
1857 1245 2004 1300 quae
2058 1227 2254 1284 dome·

71 1316 202 1374 sticis
241 1315 458 1388 stupris
497 1314 843 1388 flagitiisque
885 1312 1248 1386 flagrabunt?
1354 1315 1424 1372 In
1468 1316 1632 1373 istius
1671 1317 1894 1374 lenonis
1939 1315 2255 1387 turpissimi

68 1401 208 1461 domo
261 1403 429 1460 simul
478 1420 606 1460 cum
651 1404 862 1461 ceteris
909 1401 1237 1460 Chelidonis
1277 1402 1650 1460 hereditariis
1698 1403 2050 1461 ornamentis
2088 1401 2255 1474 Capi-

70 1491 171 1548 tolii
228 1496 571 1548 ornamenta
622 1494 941 1562 ponentur?
1048 1489 1196 1560 Quid
1252 1490 1383 1547 huic
1438 1491 1589 1547 sacri
1649 1507 1917 1563 umquam
1975 1489 2099 1547 fore
2156 1495 2256 1547 aut

70 1579 180 1648 quid
221 1579 482 1649 religiosi
523 1577 699 1635 fuisse
745 1578 985 1651 putatiS,
1030 1579 1127 1648 qui
1171 1595 1323 1635 nunc
1359 1583 1521 1636 tanto
1552 1579 1773 1635 scelere
1821 1594 1883 1635 se
1917 1578 2257 1635 obstrictum

69 1681 173 1723 esse
217 1683 333 1724 non
379 1667 632 1724 sentiat?
697 1667 794 1737 qui
840 1666 900 1721 in
955 1665 1230 1722 iudicium
1277 1665 1498 1737 veniat,
1562 1666 1659 1723 ubi
1726 1683 1801 1723 ne
1847 1665 2074 1737 precari
2134 1666 2257 1737 qui-

69 1752 175 1811 dem
230 1755 427 1812 Iovem
479 1753 768 1826 Optimum
824 1752 1139 1810 Maximum
1209 1757 1383 1824 atque
1455 1752 1527 1810 ab
1592 1769 1660 1810 eo
1720 1753 1994 1810 auxilium
2050 1758 2255 1824 petere

69 1857 201 1898 more
247 1842 498 1899 omnium
551 1841 763 1913 possit?
817 1856 853 1896 a
905 1857 1015 1913 quo
1071 1840 1246 1898 etiam
1301 1841 1359 1896 di
1415 1840 1768 1899 immortales
1827 1856 1931 1897 sua
1984 1845 2256 1912 repetunt

71 1928 119 1985 in
155 1946 217 1986 eo
262 1928 505 1999 iudici0,
560 1928 709 2001 quod
761 1928 1086 1986 hominibus
1130 1927 1203 1985 ad
1256 1945 1390 1985 suas
1445 1944 1540 1985 res
1587 1927 1934 2000 repetendas
1986 1932 2075 1985 est
2120 1943 2254 1983 con—

69 2017 348 2074 stitutum?
437 2017 719 2074 Miramur
764 2016 1007 2073 Athenis
1046 2015 1397 2089 Minervam,
1461 2016 1595 2073 Deli
1638 2015 2037 2087 Appollinem,
2085 2015 2254 2072 Iuno-

69 2119 180 2160 nem
216 2106 398 2174 Sami,
454 2104 679 2176 Pergae
727 2103 1003 2175 Dianam,
1056 2105 1267 2161 multos
1310 2109 1623 2176 praeterea
1669 2103 1742 2160 ab
1789 2104 1900 2160 isto
1947 2103 2086 2160 deos
2130 2108 2256 2160 tota

69 2193 185 2250 Asia
227 2192 588 2265 Graeciaque
643 2193 913 2265 violatOS,
974 2192 1070 2263 qui
1117 2209 1153 2249 a
1199 2191 1486 2265 Capitolio
1530 2209 1730 2249 manus
1788 2191 2081 2249 abstinere
2140 2206 2256 2248 non

71 2283 333 2348 potuerit?
425 2280 586 2352 Quod
643 2280 854 2353 privati
901 2280 1161 2337 homines
1221 2280 1293 2336 de
1341 2282 1457 2337 suis
1517 2280 1775 2352 pecuniis
1823 2283 2033 2337 ornant
2086 2295 2256 2336 orna-

71 2368 268 2440 turique
310 2375 471 2441 sunt,
528 2368 588 2425 id
634 2367 695 2424 C.
743 2368 956 2425 Verres
1006 2367 1077 2423 ab
1124 2368 1357 2441 regibus
1402 2368 1596 2425 ornari
1653 2385 1767 2425 non
1828 2384 2029 2438 passus
2077 2372 2165 2425 est
2184 2360 2254 2445 ²).

67 2453 242 2527 Itaque
296 2457 402 2514 hoc
459 2455 685 2515 nefario
732 2456 952 2513 scelere
1000 2460 1276 2528 concepto
1321 2456 1464 2512 nihil
1514 2460 1716 2528 postea
1773 2460 1896 2512 tota
1953 2455 2012 2512 in
2057 2455 2256 2513 Sicilia
2276 2461 2357 2517 72

68 2558 229 2614 neque
271 2545 423 2603 sacri
476 2560 663 2616 neque
710 2543 967 2616 religiosi
1013 2542 1175 2599 duxit
1220 2559 1375 2616 esse,
1429 2544 1515 2599 ita
1568 2560 1697 2601 sese
1743 2543 1802 2598 in
1846 2559 1918 2600 ea
1962 2542 2258 2615 provincia

67 2646 152 2698 per
188 2633 493 2706 triennium
546 2631 755 2703 gessit,
825 2634 887 2686 ut
937 2630 1007 2687 ab
1062 2630 1173 2687 isto
1240 2647 1357 2687 non
1412 2631 1592 2688 solum
1640 2630 1991 2702 hominibus,
2056 2646 2256 2687 verum

66 2719 222 2776 etiam
261 2720 347 2777 dis
392 2718 809 2777 immortalibus
854 2717 1068 2775 bellum
1113 2716 1390 2775 indictum
1435 2723 1750 2789 putaretur.

220 2808 459 2882 Segesta
505 2814 594 2864 est
643 2804 911 2878 oppidum
954 2811 1227 2876 pervetus
1287 2806 1347 2863 in
1393 2804 1618 2878 Sicilia,
1675 2805 1922 2876 iudiceS,
1988 2803 2135 2875 quod
2182 2802 2255 2859 ab
2275 2803 2362 2870 33

65 2892 249 2951 Aenea
299 2894 562 2967 fugiente
609 2911 643 2952 a
690 2893 866 2950 Troia
924 2898 1097 2965 atque
1153 2894 1213 2949 in
1263 2894 1413 2950 haec
1467 2894 1596 2951 loca
1640 2894 1911 2951 veniente
1967 2890 2258 2947 conditum

64 2995 180 3037 esse
225 2982 632 3040 demonstrant.
731 2981 932 3052 Itaque
979 2979 1279 3054 Segestani
1334 2997 1449 3038 non
1493 2981 1676 3038 solum
1731 2983 2017 3052 perpetua
2074 2979 2258 3035 socie-

64 3073 171 3125 tate
235 3077 402 3143 atque
472 3070 759 3141 amicitia,
829 3085 1026 3125 verum
1088 3069 1263 3125 etiam
1318 3070 1662 3141 cognatione
1727 3085 1790 3125 se
1850 3083 1981 3124 cum
2047 3065 2258 3138 populo

62 3153 303 3226 Romano
356 3160 692 3215 coniunctos
752 3173 880 3214 esse
943 3156 1313 3213 arbitrantur.
1426 3155 1552 3213 Hoc
1621 3155 1905 3227 quondam
1971 3152 2258 3226 oppidum,

35 3258 176 3314 ,cum
234 3245 328 3303 illa
372 3246 574 3302 civitas
622 3262 748 3301 cum
796 3244 1007 3300 Poenis
1053 3260 1153 3301 suo
1202 3243 1432 3300 nomine
1480 3261 1549 3301 ac
1596 3261 1700 3302 sua
1743 3247 1945 3316 sponte
1991 3241 2260 3313 bellaret,

64 3346 91 3385 a
146 3331 723 3406 Karthaginiensibus
790 3332 846 3390 vi
917 3337 1148 3404 captum
1218 3338 1392 3402 atque
1466 3332 1719 3389 deletum
1783 3336 1872 3388 est
1936 3330 2260 3402 omniaque,

64 3435 197 3488 quae
257 3426 589 3479 ornamento
654 3419 782 3476 urbi
844 3435 971 3476 esse
1035 3424 1299 3490 possent,
1370 3419 1788 3492 Karthaginem
1850 3423 1983 3475 sunt
2037 3433 2109 3474 ex
2161 3418 2261 3475 illo

62 3506 176 3564 loco
235 3507 545 3581 deportata.
665 3506 801 3564 Fuit
862 3506 1018 3579 apud
1073 3505 1420 3579 Segestanos
1480 3523 1551 3562 ex
1616 3523 1753 3564 aere
1806 3506 2032 3563 Dianae
2090 3506 2262 3562 simu·
2372 3558 2378 3563 .

62 3592 275 3650 lacrum
317 3613 443 3654 cum
491 3611 712 3652 summa
758 3600 930 3667 atque
978 3593 1376 3665 antiquissima
1415 3593 1737 3674 praeditum
1783 3595 2095 3666 religione,
2142 3598 2262 3651 tum

196 3805 254 3868 1)
289 3819 314 3853 e
342 3804 558 3870 ‚qemmis
601 3833 659 3841 -—-
692 3803 988 3869 perfeetum
1025 3819 1143 3855 unc.
1182 3802 1306 3854 incl.
1348 3800 1601 3855 Schwabe
1639 3802 1836 3856 Philol.
1875 3802 2039 3870 XXX,
2070 3820 2120 3870 p.
2143 3805 2262 3857 332.

63 3873 108 3937 2)
149 3872 308 3939 Quod
338 3874 548 3939 privati
584 3906 650 3912 -
680 3889 888 3939 passus
926 3878 1005 3925 est
1043 3889 1157 3928 unc.
1198 3872 1317 3926 incl.
1354 3872 1640 3952 Eberhard.
