2669 4354
409 221 534 277 244
1408 234 1627 275 ORATIO

405 409 624 465 ciorum
667 405 864 465 facere
910 402 1123 465 liceat.'
1213 406 1363 477 Quid
1409 411 1616 480 ageret
1659 407 1748 464 vir
1791 406 1865 463 ad
1905 407 2207 484 virtutem,
2266 406 2606 479 dignitatem,

404 497 649 569 gloriam
684 501 854 552 natus
883 496 941 552 vi
972 495 1387 553 sceleratorum
1433 495 1721 552 hominum
1752 494 2166 568 conroborata,
2211 494 2438 568 legibus
2478 494 2607 552 iudi-

405 585 622 657 ciisque
669 583 949 640 sublatis?
1050 582 1321 641 Cervices
1367 583 1635 640 tribunus
1691 582 1878 655 plebis
1931 583 2193 654 privat0,
2249 583 2611 657 praestantis-

405 673 582 731 simus
641 672 729 728 vir
787 669 1256 745 profligatissimo
1312 671 1529 728 homini
1594 670 1800 727 daret?
1873 687 1949 727 an
2009 686 2244 728 causam
2307 675 2609 742 susceptam

405 761 667 818 abiceret
690 752 785 839 1)‘?
846 775 922 816 an
976 774 1039 816 se
1086 758 1238 816 domi
1301 760 1675 816 contineret?
1762 758 1844 815 Et
1896 759 2048 815 vinci
2092 762 2264 831 turpe
2311 759 2532 832 putavit
2562 765 2613 816 et

405 848 693 906 deterreri
738 853 798 905 et
843 847 1054 906 latere.
1141 844 1427 919 Perfecit,
1474 851 1538 903 ut
1557 840 1638 923 ²),
1702 846 1971 918 quoniam
2016 845 2128 903 sibi
2173 846 2235 903 in
2280 848 2448 904 illum
2490 848 2611 917 legi-

404 937 512 994 bus
552 936 637 993 uti
681 951 795 992 non
835 935 1067 1007 liceret,
1114 935 1270 992 illius
1307 936 1422 991 vim
1467 951 1660 1006 neque
1705 935 1768 990 in
1812 951 1915 992 suo
1960 950 2154 1007 neque
2201 935 2265 991 in
2310 936 2405 994 rei
2449 935 2614 1009 publi-

409 1041 515 1082 cae
562 1023 824 1096 periculo
868 1023 1327 1095 pertimesceret.

301 1109 386 1175 42
579 1110 700 1181 Quo
746 1110 913 1169 modo
959 1111 1136 1182 igitur
1179 1110 1289 1168 hoc
1337 1111 1397 1167 in
1442 1126 1656 1183 genere
1702 1110 1981 1182 praesidii
2029 1111 2354 1183 comparati
2404 1125 2616 1168 accusas

304 1205 386 1262 90
406 1200 685 1272 Sestium,
747 1215 876 1256 cum
914 1198 1068 1255 idem
1114 1197 1313 1256 laudes
1361 1197 1684 1255 Milonem?
1771 1199 1901 1272 An,
1940 1198 2035 1270 qui
2084 1215 2190 1255 sua
2230 1204 2398 1256 tecta
2441 1196 2618 1255 defen-

404 1288 516 1360 dit,
591 1288 687 1358 qui
747 1285 819 1344 ab
865 1288 1014 1356 aris,
1087 1284 1232 1344 focis
1290 1285 1510 1343 ferrum
1567 1284 1969 1357 flammamque
2018 1287 2292 1359 depellit,
2373 1286 2475 1358 qui
2526 1285 2618 1343 sibi

404 1377 584 1433 licere
629 1375 750 1432 volt
790 1381 913 1431 tuto
959 1390 1087 1431 esse
1131 1375 1194 1431 in
1240 1373 1397 1447 for0,
1456 1374 1519 1430 in
1565 1375 1814 1446 temp10,
1876 1374 1938 1430 in
1985 1376 2174 1447 curia,
2233 1376 2370 1432 inre
2420 1374 2619 1447 praesi-

406 1464 562 1521 dium
608 1468 930 1535 eomparat:
973 1463 1067 1534 qui
1113 1462 1473 1535 volneribuS,
1511 1478 1660 1533 quae
1707 1455 1896 1519 cernit
1941 1462 2156 1519 cotidie
2194 1467 2321 1519 toto
2373 1478 2617 1534 corpore,
2653 1497 2654 1518 2

405 1555 697 1623 monetur,
755 1556 820 1608 ut
875 1552 1067 1623 aliquo
1112 1549 1401 1622 praesidio
1459 1554 1632 1622 caput
1691 1555 1751 1606 et
1814 1550 2071 1608 cervices
2130 1556 2192 1606 et
2250 1551 2518 1624 iugulum
2565 1553 2654 1605 ac*

304 1645 382 1701 91
405 1641 595 1697 latera
662 1641 913 1712 tutetur,
990 1638 1140 1695 hunc
1207 1637 1280 1694 de
1342 1638 1399 1694 vi
1473 1635 1858 1695 accusandum
1926 1641 2139 1710 putas?
2261 1638 2411 1709 Quis
2490 1638 2617 1694 enim

405 1733 689 1799 nostrum,
734 1726 956 1784 iudices
976 1771 991 1799 ,
1036 1727 1270 1798 ignorat
1316 1726 1401 1782 ita
1444 1730 1711 1782 naturam
1755 1741 1953 1783 rerum
2002 1726 2237 1799 tulisse,
2286 1731 2357 1784 ut
2399 1725 2617 1799 quodam

406 1820 664 1888 tempore
746 1814 1005 1872 homines
1079 1813 1332 1871 nondum
1401 1830 1588 1885 neque
1668 1813 1925 1870 naturali
2005 1831 2195 1885 neque
2277 1815 2444 1871 civili
2514 1815 2656 1892 iure}

405 1904 696 1976 descripto
741 1902 855 1959 fusi
900 1919 1008 1976 per
1049 1916 1216 1973 agros
1263 1917 1332 1958 ac
1380 1901 1626 1972 dispersi
1671 1906 2024 1972 vagarentur
2069 1908 2425 1975 tantumque
2471 1902 2623 1959 habe-

407 1998 565 2063 rent,
638 1998 912 2062 quantum
973 2006 1145 2046 manu
1206 2005 1276 2045 ac
1337 1989 1554 2046 viribus
1613 2005 1721 2059 per
1777 1989 2020 2046 caedem
2093 2006 2161 2046 ac
2230 1992 2483 2049 volnera
2543 1995 2622 2045 aut

346 2083 355 2096 “
409 2081 640 2151 eripere
700 2083 802 2136 aut
861 2078 1120 2136 retinere
1180 2077 1545 2148 potuissent?
1657 2075 1767 2145 Qui
1828 2077 2009 2149 igitur
2066 2078 2237 2149 primi
2299 2080 2519 2138 virtute
2576 2083 2622 2132 et

408 2166 648 2226 consilio
718 2166 1041 2239 praestanti
1108 2166 1489 2238 exstiterunt,
1563 2164 1617 2222 ei
1692 2169 1999 2239 perspecto
2056 2182 2280 2237 genere
2354 2168 2619 2226 humanae

406 2256 717 2313 docilitatis
763 2260 936 2326 atque
982 2254 1203 2327 ingenii
1249 2254 1555 2325 dissipatos
1615 2271 1792 2310 unum
1849 2254 1910 2310 in
1958 2254 2148 2311 locum
2208 2258 2621 2329 congregarunt

407 2360 621 2415 eosque
671 2358 743 2399 ex
785 2340 1020 2400 feritate
1041 2338 1092 2419 3)
1146 2342 1247 2399 illa
1301 2341 1375 2398 ad
1430 2341 1711 2398 iustitiam
1764 2347 1940 2413 atque
1995 2341 2071 2399 ad
2122 2344 2620 2403 mansuetudinem

406 2430 873 2507 transduxerunt,
946 2429 1092 2486 Tum
1132 2446 1226 2486 res
1272 2429 1345 2485 ad
1394 2445 1754 2486 communem
1795 2429 2135 2503 utilitatem,
2183 2448 2338 2502 quas
2387 2432 2619 2505 publicas

405 2519 790 2592 appellamus,
850 2522 972 2575 tum
1037 2516 1440 2576 conventicula
1506 2516 1823 2590 hominum,
1888 2534 2037 2589 quae
2099 2523 2314 2589 postea
2380 2522 2618 2578 civitates

404 2608 735 2666 nominatae
798 2609 956 2677 sunt,
1023 2610 1145 2662 tum
1202 2605 1494 2662 domicilia
1550 2605 1890 2677 coniuncta,
1955 2622 2098 2676 quas
2148 2607 2337 2665 urbes
2383 2609 2620 2675 dicimuS,

403 2697 638 2753 invento
698 2700 761 2751 et
818 2694 1009 2751 divino
1071 2694 1198 2750 iure
1256 2699 1317 2751 et
1375 2692 1625 2750 humano
1690 2697 1755 2750 ut
1772 2685 1827 2773 ⁴)
1898 2692 2201 2751 moenibus
2272 2698 2621 2770 saepserunt

303 2792 381 2850 9⁶2
402 2786 593 2856 Atque
648 2784 803 2841 inter
853 2781 1002 2837 hanc
1046 2782 1223 2838 vitam
1279 2780 1626 2853 perpolitam
1680 2780 2040 2840 humanitate
2096 2786 2158 2840 et
2214 2783 2385 2842 illam
2447 2785 2623 2841 imma-

401 2890 538 2931 nem
582 2871 727 2929 nihil
782 2875 898 2926 tam
955 2870 1203 2927 interest
1245 2884 1417 2940 quam
1472 2869 1561 2925 ius
1619 2873 1792 2939 atque
1853 2869 1958 2925 viS.
2080 2870 2306 2928 Horum
2369 2879 2500 2930 utro
2554 2870 2623 2927 uti

402 2960 668 3019 nolumus
691 2953 772 3036 5),
840 2957 1026 3014 altero
1096 2963 1186 3014 est
1243 2956 1539 3013 utendum.
1643 2956 1770 3012 Vim
1827 2957 2090 3014 volumus
2147 2960 2478 3033 exstingui:
2550 2960 2622 3014 ius

399 3050 595 3107 valeat
642 3062 885 3106 necesse
934 3049 1047 3115 est,
1108 3043 1169 3101 id
1215 3049 1306 3102 est
1346 3043 1591 3116 iudicia,
1643 3044 1851 3115 quibus
1909 3060 2080 3102 omne
2135 3047 2225 3104 ius
2283 3050 2619 3106 continetur.

400 3137 626 3195 Iudicia
680 3134 989 3207 displicent
1051 3138 1152 3190 aut
1208 3132 1371 3188 nulla
1430 3140 1587 3189 sunt:
1669 3132 1754 3188 vis
1813 3131 2146 3191 dominetur
2215 3151 2466 3195 necesse
2535 3138 2622 3192 est.

543 3423 596 3487 1)
634 3420 863 3473 abiceret
901 3417 1038 3470 coni.
1078 3414 1343 3469 Ruhnken
1382 3416 1437 3467 et
1471 3414 1793 3478 Mommsen3
1846 3415 2121 3483 affligeret
2156 3418 2311 3472 codd.
2498 3419 2548 3485 2)
2580 3419 2622 3467 et

399 3493 586 3545 latere.
658 3489 897 3557 Perfecit
933 3492 1000 3540 ut
1034 3485 1274 3552 Madvig.
1315 3486 1478 3547 coni.;
1515 3484 1667 3537 codd.
1707 3483 1870 3537 ctiam
1910 3487 2120 3554 eripere
2155 3488 2281 3543 eicit
2317 3497 2414 3556 ut;
2475 3491 2620 3542 Hertz

396 3561 698 3615 lamentari
730 3577 827 3630 pro
867 3560 1037 3611 latere
1074 3574 1193 3619 scr.‚
1233 3556 1379 3624 vulg.
1418 3571 1539 3607 eum
1564 3555 1810 3609 Lambin.
1835 3555 2003 3608 etiam
2040 3574 2066 3609 e
2100 3574 2161 3611 re
2187 3560 2350 3626 publ.
2392 3556 2619 3621 credidit,

396 3638 475 3685 ut.
655 3633 709 3697 3)
759 3631 846 3685 Sic
890 3630 1004 3683 eod.
1045 3626 1282 3694 Gembl.;
1334 3626 1430 3678 alii
1469 3641 1531 3677 ex
1566 3625 1738 3678 Paris.
1778 3625 2056 3692 efferitate.
2237 3632 2298 3695 4)
2356 3632 2447 3684 Sic
2495 3632 2617 3683 Rau:

396 3702 664 3771 particula
703 3702 857 3754 deest
894 3701 947 3752 in
989 3698 1173 3761 codd.;
1224 3697 1370 3750 Bake
1409 3701 1689 3761 tamquam
1700 3718 1718 3759 ;
1773 3697 1935 3749 Halm
1969 3698 2125 3751 codd.
2165 3700 2458 3755 lectionem
2504 3698 2618 3753 reti-

397 3776 516 3826 net:
579 3772 802 3837 Madvig
864 3774 920 3822 et
973 3769 1244 3821 Eberhard
1306 3769 1431 3838 post
1487 3765 1689 3818 nomin.
1752 3772 1886 3819 sunt
1949 3767 2200 3822 inserunt
2260 3772 2617 3825 instituerunt.

397 3846 453 3911 5)
493 3842 583 3894 Sic
618 3841 733 3895 cod.
769 3840 993 3902 Salisb.;
1032 3840 1204 3891 Paris.
1242 3838 1494 3890 molium-s,
