2669 4354
919 266 982 303 m
1033 264 1386 305 GAmnNAM.
2149 247 2271 306 109

76 437 244 494 mitior
257 439 287 493 ’ἓ
356 469 436 478 --
502 437 607 496 sed
669 438 948 510 singulari
1011 438 1259 511 quadam
1316 438 1679 496 humanitate
1738 442 1797 494 et
1856 435 2272 495 misericordia.

78 524 267 582 Videor
329 527 482 584 enim
542 526 683 583 mihi
751 527 950 585 videre
1001 526 1151 584 hanc
1211 526 1447 599 urbem,
1522 526 1708 583 lucem
1771 523 1927 583 orbis
1986 530 2274 582 terrarum

77 617 225 683 atque
286 626 481 671 arcem
543 615 797 672 omnium
857 614 1144 688 gentium,
1220 615 1411 672 subito
1472 630 1583 671 uno
1639 612 1908 671 incendio
1968 612 2272 669 conciden-

75 706 197 773 tem3
260 716 439 759 cerno
500 702 692 759 animo
749 702 977 774 sepulta
1032 703 1093 758 in
1170 704 1364 775 patria
1419 702 1661 759 miseros
1719 705 1892 772 atque
1952 700 2272 771 insepultos

76 803 285 846 acervos
333 789 571 863 civium,
626 795 894 848 versatur
937 790 1079 846 mihi
1140 794 1277 849 ante
1334 790 1529 847 oculos
1587 793 1856 860 aspectus
1903 786 2150 858 Cethegi
2207 790 2272 843 et

76 871 208 933 furor
268 876 332 933 in
400 882 598 935 vestra
659 876 840 935 caede
908 876 1260 936 bacchantis.
1378 875 1521 934 Cum
1585 892 1724 935 vero
1789 875 1930 932 mihi
1993 875 2270 948 proposui
2291 881 2369 937 12

73 968 395 1034 regnantem
440 964 785 1038 Lentulum,
847 965 996 1022 sicut
1052 966 1177 1038 ipse
1224 981 1286 1023 se
1343 979 1608 1036 sperasse
1656 981 1727 1022 ex
1780 961 1919 1020 fatis
1973 960 2272 1021 confessus

76 1057 171 1123 est,
238 1058 626 1124 purpuratum
686 1068 815 1110 esse
869 1051 1000 1109 huic
1030 1050 1079 1129 ²)
1130 1052 1434 1110 Gabinium
1452 1097 1468 1125 ,
1543 1068 1674 1109 cum
1725 1051 1986 1109 exercitu
2039 1050 2270 1107 venisse

75 1137 392 1213 Catilinam,
486 1146 608 1198 tum
671 1140 1144 1198 lamentationem
1212 1144 1458 1197 matrum
1524 1138 1798 1210 familias,
1891 1143 2012 1195 tum
2073 1134 2270 1210 fugam

71 1226 341 1298 virginum
387 1232 566 1299 atque
613 1244 928 1300 puerorum
974 1244 1043 1285 ac
1083 1228 1451 1285 vexationem
1498 1219 1908 1304 [virginum]²)
1953 1225 2274 1283 Vestalium

73 1314 463 1388 perhorresc03
533 1319 593 1373 et
663 1316 799 1386 quia
862 1315 1004 1372 mihi
1068 1314 1443 1373 vehementer
1510 1315 1656 1372 haec
1721 1313 1996 1372 videntur
2060 1314 2274 1370 misera

75 1406 225 1472 atque
266 1402 639 1475 miseranda,
714 1402 931 1459 idcirco
993 1403 1053 1459 in
1116 1418 1245 1474 eOS,
1314 1403 1413 1474 qui
1477 1417 1550 1461 ea
1606 1400 1890 1474 perficere
1944 1401 2273 1473 voluerunt,

74 1505 150 1546 me
192 1506 460 1547 severum
508 1490 1028 1562 vehementemque
1082 1490 1356 1562 praebeo.
1457 1489 1692 1548 Etenim
1749 1504 1991 1562 quaem,
2052 1489 2103 1544 si
2148 1488 2275 1559 quis

68 1581 215 1647 pater
273 1575 529 1635 familias
547 1621 563 1651 ,
599 1644 606 1651 ,
636 1576 836 1636 liberis
898 1579 1017 1635 suis
1078 1594 1114 1635 a
1173 1575 1341 1635 servo
1394 1576 1720 1635 interfectis
1737 1622 1752 1650 ,
1824 1592 2003 1634 uxore
2061 1575 2275 1648 occisa,

68 1664 284 1723 incensa
341 1664 518 1722 domo
536 1711 552 1738 ,
615 1665 958 1738 supplicium
1004 1666 1079 1723 de
1126 1680 1293 1723 servo
1355 1682 1471 1723 non
1495 1658 1546 1745 3)
1607 1680 1778 1736 quam
1839 1663 2274 1721 acerbissimum

68 1753 388 1826 sumpserit,
450 1757 647 1811 utrum
703 1754 754 1810 is
801 1752 1054 1809 clemens
1101 1769 1170 1810 ac
1213 1753 1543 1810 misericors
1560 1798 1575 1825 ,
1638 1768 1714 1810 an
1768 1751 2275 1809 inhumanissimus

69 1844 118 1894 et
151 1840 585 1898 crudelissimus
646 1856 775 1898 esse
818 1840 1129 1898 videatur?
1231 1840 1379 1897 Mihi
1421 1856 1560 1898 vero
1618 1840 1978 1913 importunus
2034 1853 2104 1895 ac
2157 1835 2274 1895 fer·

67 1943 206 2000 reus,
251 1929 356 2001 qui
400 1943 519 1986 non
566 1928 765 1985 dolore
815 1934 876 1985 et
921 1929 1184 1986 cruciatu
1229 1929 1493 1985 nocentis
1536 1938 1703 1985 suum
1749 1926 2006 1984 dolorem
2050 1925 2273 1983 crucia-

68 2018 279 2087 tumque
327 2016 586 2073 lenierit.
696 2014 792 2072 Sic
836 2031 939 2072 nos
997 2016 1058 2072 in
1104 2016 1194 2073 his
1240 2016 1593 2087 hominibus,
1655 2016 1750 2087 qui
1794 2030 1929 2086 nOS,
1988 2014 2086 2085 qui
2137 2028 2272 2070 con-

69 2101 240 2176 iugeS,
336 2104 437 2175 qui
506 2103 723 2161 liberos
790 2108 1017 2161 nostros
1085 2102 1378 2160 trucidare
1448 2103 1779 2174 voluerunt,
1854 2102 1954 2173 qui
2019 2100 2275 2172 singulas

70 2191 500 2264 uniuscuiusque
567 2198 825 2250 nostrum
888 2191 1087 2249 domos
1155 2196 1216 2249 et
1282 2192 1390 2249 hoc
1454 2192 1786 2250 universum
1847 2191 1937 2249 rei
2002 2188 2274 2263 publicae

71 2276 403 2338 domicilium
450 2278 652 2337 delere
700 2280 892 2336 conati
939 2285 1103 2350 sunt,
1149 2280 1247 2351 qui
1292 2279 1354 2336 id
1402 2285 1681 2353 egerunt,
1726 2285 1793 2337 ut
1838 2283 2074 2351 gentem
2116 2278 2275 2335 Allo-

69 2363 280 2438 brogum
330 2369 393 2424 in
441 2368 703 2438 vestigiis
748 2367 921 2424 huius
966 2365 1127 2425 urbis
1172 2373 1349 2437 atque
1396 2369 1457 2423 in
1504 2367 1699 2424 cinere
1747 2364 2050 2437 deflagrati
2096 2365 2276 2436 impe·

70 2452 132 2509 rii
169 2455 572 2527 conlocarent,
633 2455 680 2510 si
726 2455 1217 2512 vehementissimi
1277 2452 1583 2526 fuerimuS,
1636 2453 2039 2512 misericordes
2097 2452 2277 2511 habe·

70 2539 265 2615 bimur3
334 2543 425 2599 sin
472 2542 837 2599 remissiores
892 2558 1020 2599 esse
1067 2542 1445 2614 voluerimus,
1505 2558 1759 2600 summae
1812 2541 1980 2599 nobis
2026 2540 2275 2598 crudeli-

69 2629 186 2685 tatis
240 2630 305 2686 in
362 2630 594 2701 patriae
654 2629 978 2700 civiumque
1045 2629 1305 2701 pernicie
1370 2629 1525 2687 fama
1584 2629 1883 2687 subeunda
1938 2633 2042 2686 est.
2150 2628 2276 2686 Nisi
2299 2637 2378 2693 13

71 2730 190 2773 vero
252 2717 512 2789 cuipiam
570 2716 636 2773 L.
699 2715 947 2788 Caesar,
1025 2717 1112 2773 vir
1157 2716 1500 2774 fortissimus
1561 2722 1623 2775 et
1695 2716 2118 2775 amantissimus
2161 2717 2276 2773 'rei

72 2804 349 2876 publicae,
408 2804 705 2862 crudelior
761 2803 972 2860 nudius
1032 2805 1243 2862 tertius
1286 2805 1443 2862 visus
1492 2810 1614 2877 est,
1676 2821 1805 2861 cum
1850 2804 2063 2862 sororis
2117 2818 2277 2876 suae,

70 2888 302 2950 feminae
352 2893 708 2949 lectissimae
724 2884 806 2969 4),
861 2893 1046 2948 virum
1091 2898 1460 2963 praesentem
1509 2898 1570 2949 et
1613 2891 1949 2949 audientem
1992 2892 2113 2947 vita
2156 2892 2273 2963 pri-

71 2979 297 3037 vandum
346 2995 477 3038 esse
526 2978 701 3052 dixit,
747 2995 877 3035 cum
896 2971 948 3056 ⁶)
980 2995 1147 3036 avum
1194 2995 1359 3037 suum
1402 2980 1560 3037 iussu
1609 2979 1858 3038 consulis
1902 2974 2275 3036 interfectum

70 3061 346 3140 filiumque
393 3068 521 3126 eius
565 3066 957 3139 impuberem,
1014 3067 1271 3139 legatum
1313 3083 1351 3125 a
1395 3071 1562 3140 patre
1607 3068 1870 3139 missum,
1931 3067 1991 3122 in
2037 3080 2275 3124 carcere

70 3161 321 3212 necatum
381 3171 511 3213 esse
567 3153 713 3211 dixit
730 3148 798 3232 6).
889 3152 1142 3222 Quorum
1198 3155 1352 3227 quod
1405 3156 1594 3213 simile
1653 3153 1910 3212 factum?
1969 3152 2120 3225 quod
2165 3153 2275 3210 ini·

72 3245 175 3298 tum
211 3242 503 3301 delendae
548 3243 639 3299 rei
684 3242 955 3315 publicae
1002 3242 1351 3299 consilium?
1448 3241 1801 3315 Largitionis
1845 3241 2111 3298 voluntas
2155 3246 2276 3298 tum

70 3325 119 3383 in
155 3346 220 3386 re
264 3330 502 3404 publica
545 3335 779 3390 versata
825 3334 915 3387 est
959 3334 1021 3386 et
1061 3331 1312 3401 partium
1359 3330 1642 3402 quaedam
1688 3329 2002 3388 contentio.
2083 3328 2275 3401 Atque

73 3430 129 3472 eo
164 3422 422 3490 tempore
480 3418 652 3475 huius
710 3430 851 3474 avus
896 3416 1164 3490 Lentuli,
1226 3418 1315 3474 vir
1363 3417 1740 3490 clarissimus,
1800 3422 2053 3475 armatus
2098 3415 2279 3476 Grac-

70 3502 217 3563 chum
265 3511 354 3564 est
398 3510 759 3577 persecutus.
863 3504 972 3562 Ille
1021 3505 1196 3562 etiam
1241 3522 1419 3577 grave
1464 3511 1589 3562 tum
1633 3506 1840 3562 vulnus
1886 3505 2139 3578 accepit,
2198 3522 2276 3563 ne

189 3721 242 3784 1)
276 3718 404 3771 hwic
439 3717 758 3786 Scholiast.,
795 3716 946 3769 codd.
986 3716 1143 3770 hune.
1311 3717 1366 3784 2)
1405 3733 1525 3771 unc.
1564 3735 1679 3786 pos.
1722 3718 1900 3772 Halm.
2073 3721 2127 3787 3)
2161 3735 2275 3772 non

68 3785 257 3842 addidit
292 3788 600 3843 Lambinus.
777 3788 833 3856 4)
873 3785 1225 3840 electissimae
1257 3787 1410 3841 codd.
1449 3789 1711 3858 plerique.
1893 3792 1947 3856 5)
1981 3789 2103 3841 iure
2139 3789 2264 3842 add,

68 3854 337 3914 Eberhard.
498 3860 557 3928 6)
591 3857 733 3912 dimit
768 3873 889 3912 unc.
927 3857 1052 3911 incl.
1090 3856 1385 3912 Eberhard.
