2669 4354
876 266 992 308 ruo
1036 268 1088 308 ι’.
1134 266 1353 309 snsn0.
2100 253 2225 310 249

80 439 244 498 Nollem
285 440 435 498 idem
481 441 599 499 alio
633 443 759 500 loco
789 441 1030 500 dixisset
1053 434 1137 519 ¹),
1187 441 1339 514 quod
1382 441 1719 514 exciperent
1763 441 2012 516 improbi
2054 443 2230 517 cives,

76 528 260 601 ddm‘nt,
331 530 457 586 dum
514 530 788 586 me'tuant:
861 530 1168 603 praeclara
1223 530 1379 587 enim
1451 530 1554 588 illa
1612 536 1928 603 praecepta
1986 529 2232 589 dederat

76 617 312 674 iuventuti.
412 616 529 675 Sed
572 624 769 676 tamen
825 617 971 677 haec
1014 618 1110 674 via
1155 633 1225 674 ac
1287 619 1439 676 ratio
1464 611 1517 698 ²)
1571 618 1659 677 rei
1713 618 1983 691 publicae
2030 616 2374 691 capes-103

76 704 236 763 sendae
293 705 425 762 olim
488 711 617 763 erat
670 707 855 778 magis
913 705 1412 779 pertimescenda,
1490 723 1618 763 cum
1685 707 1879 764 multis
1936 707 1998 763 in
2053 707 2228 765 rebus

75 792 395 851 multitudinis
463 792 718 851 studium
785 809 855 851 ac
869 788 922 872 ⁸)
984 794 1184 866 populi
1248 793 1604 851 commodum
1673 794 1746 852 ab
1814 793 2067 852 utilitate
2139 796 2227 852 rei

74 878 280 951 publicae
337 881 720 954 discrepabat.
824 881 1159 957 Tabellaria
1218 880 1313 938 lex
1374 881 1445 939 ab
1509 881 1573 938 L.
1637 880 1834 940 Cassio
1895 880 2225 940 ferebatur:

72 970 255 1039 populus
292 969 626 1028 libertatem
672 969 767 1043 agi
826 969 1066 1041 putabat
1109 985 1294 1041 suam3
1361 970 1783 1028 dissentiebant
1831 970 2121 1043 principes
2165 976 2227 1028 et

70 1054 108 1109 in
139 1058 301 1114 salute
342 1058 700 1129 optimatium
745 1058 1138 1116 temeritatem
1200 1057 1583 1116 multitudinis
1627 1063 1689 1114 et
1739 1057 1991 1116 tabellae
2046 1058 2226 1115 licen-

70 1144 166 1200 tiam
217 1144 721 1217 pertimescebant.
832 1144 1139 1218 Agrariam
1203 1145 1289 1201 Ti.
1359 1144 1652 1203 Gracchus
1719 1145 1910 1218 legem
1975 1143 2226 1203 ferebat:

28 1289 31 1296 .
69 1237 190 1301 gmta
247 1239 373 1291 erat
446 1233 688 1306 popu103
781 1231 1049 1291 fortunae
1124 1233 1392 1291 constitui
1469 1234 1795 1291 tenuiorum
1869 1232 2228 1291 videbantur.

24 1335 33 1368 1
67 1317 364 1379 Nitebantur
410 1326 613 1379 contra
656 1321 962 1393 optimates
983 1364 998 1393 ,
1055 1320 1208 1391 quod
1267 1327 1327 1379 et
1378 1320 1723 1378 discordiam
1778 1322 2019 1379 excitari
2070 1321 2230 1379 vide-

26 1393 33 1454 ἒ
67 1405 209 1489 bant,
248 1426 373 1466 cum
417 1410 738 1481 locupletes
782 1407 1236 1482 possessionibus
1280 1408 1569 1467 diuturnis
1624 1415 1996 1468 moverentur
2014 1453 2030 1482 ,
2092 1414 2153 1466 et
2174 1403 2228 1485 ⁴)

26 1489 33 1566 ἑ
66 1495 250 1565 spoliari
294 1514 421 1557 rem
466 1496 755 1569 publicam
811 1495 1332 1570 propugnatoribus
1393 1496 1843 1554 arbitrabantur.
1949 1496 2229 1554 Frumen-

16 1569 33 1610 ”
66 1583 222 1641 tarium
279 1584 474 1658 legem
521 1584 583 1642 C.
627 1583 922 1642 Gracchus
976 1582 1241 1642 ferebat:
1309 1585 1560 1643 iucunda
1602 1601 1699 1642 res
1742 1582 1970 1657 plebei3
2043 1584 2228 1641 victus

16 1693 37 1730 ῃ
67 1670 176 1728 enim
245 1673 732 1747 suppeditabatur
801 1674 963 1745 large
1040 1673 1163 1730 sine
1236 1671 1453 1732 labore.
1571 1670 1999 1745 Repugnabant
2071 1672 2229 1744 boni,

26 1758 171 1838 gquod
221 1767 278 1818 et
337 1761 417 1820 ab
460 1761 747 1819 industria
790 1761 1022 1832 plebem
1082 1759 1156 1817 ad
1207 1760 1489 1819 desidiam
1549 1761 1776 1818 avocari
1833 1759 2117 1831 putabant
2168 1765 2230 1818 et

24 1841 35 1926 ζ
65 1848 295 1906 aerarium
340 1849 641 1908 exhauriri
682 1847 959 1906 videbant
984 1842 1053 1927 ⁵).

26 1957 35 2006 ¹,
190 1937 373 1996 Multa
420 1938 599 1994 etiam
642 1941 840 1993 nostra
868 1937 1173 2008 memoria,
1222 1950 1372 2007 quae
1416 1935 1673 1993 consulto
1719 1941 2027 2007 praetereo
2042 1979 2057 2008 ,
2102 1932 2227 1993 fue·
2241 1935 2336 2002 49

16 2011 35 2082 ἱ
64 2028 159 2079 runt
194 2025 249 2082 in
293 2042 366 2083 ea
410 2025 780 2083 contentione
794 2068 810 2097 ,
868 2030 934 2082 ut
990 2023 1285 2097 popularis
1343 2022 1627 2096 cupiditas
1686 2039 1723 2080 a
1776 2022 2016 2080 consilio
2069 2024 2227 2094 prin-

64 2109 205 2181 cipum
241 2113 572 2171 dissideret.
672 2111 838 2169 Nunc
878 2113 993 2170 iam
1051 2110 1194 2168 nihil
1241 2117 1361 2185 est,
1414 2109 1565 2184 quod
1607 2110 1852 2184 populus
1906 2126 1943 2167 a
1986 2109 2229 2168 delectis
2251 2116 2376 2175 104

24 2224 27 2231 ·
64 2198 485 2274 principibusque
532 2200 868 2273 dissentiat,
914 2215 1023 2257 nec
1065 2198 1291 2272 flagitat
1332 2216 1458 2258 rem
1502 2200 1678 2256 ullam
1722 2215 1912 2271 neque
1958 2214 2230 2257 novarum

65 2300 204 2345 rerum
245 2296 334 2347 est
395 2289 640 2362 cupidus
689 2295 750 2346 et
793 2290 912 2346 otio
968 2304 1072 2346 suo
1122 2293 1182 2345 et
1238 2287 1524 2359 dignitate
1571 2287 1774 2360 optimi
1829 2288 2105 2359 cuiusque
2171 2293 2232 2344 et

66 2374 312 2436 universae
358 2377 453 2434 rei
498 2377 766 2449 publicae
815 2376 1001 2448 gloria
1045 2375 1386 2434 delectatur.
1492 2375 1695 2447 Itaque
1757 2374 2019 2433 homines
2079 2374 2231 2433 sedi-

64 2459 156 2520 tiosi
193 2480 255 2522 ac
301 2465 659 2536 turbulenti,
700 2465 836 2537 quia
878 2464 1039 2521 nulla
1081 2465 1195 2520 iam
1240 2463 1550 2536 largitione
1597 2464 1865 2535 populum
1906 2460 2231 2521 Romanum

64 2551 299 2611 concitare
356 2558 599 2626 possunt
613 2597 627 2625 ,
689 2552 837 2625 quod
895 2551 1094 2623 plebes
1152 2550 1460 2624 perfuncta
1521 2551 1876 2622 gravissimis
1932 2550 2231 2608 seditioni-

64 2631 134 2694 bus
174 2655 235 2698 ac
277 2640 586 2700 discordiis
630 2641 807 2698 otium
853 2640 1220 2712 amplexatur
1237 2632 1317 2716 ⁶),
1378 2638 1689 2696 conductas
1734 2637 1955 2696 habent
2013 2639 2230 2696 contio-

24 2702 153 2813 [⁰0⁸3
194 2744 379 2801 neque
427 2728 489 2786 id
534 2734 740 2801 agunt,
800 2733 866 2784 ut
912 2743 984 2785 ea
1026 2726 1220 2785 dicant
1275 2730 1379 2783 aut
1428 2726 1649 2799 ferant,
1709 2741 1858 2798 quae
1920 2725 2007 2782 illi
2052 2726 2233 2783 velint

22 2811 241 2895 {audire,
294 2819 395 2889 qni
441 2817 501 2873 in
549 2817 816 2873 contione
862 2821 996 2872 sunt
1011 2860 1027 2884 ,
1089 2813 1193 2871 sed
1237 2814 1426 2886 pretio
1474 2829 1544 2871 ac
1589 2813 1858 2872 mercede
1904 2810 2232 2885 perficiunt,

60 2904 122 2971 ut,
157 2903 428 2977 quidquid
475 2903 675 2961 dicant
701 2898 754 2982 ⁷)
771 2948 786 2976 ,
843 2902 902 2959 id
946 2903 1031 2959 illi
1077 2903 1226 2960 velle
1272 2901 1477 2959 audire
1524 2901 1846 2959 videantur.
1934 2901 2084 2958 Num
2131 2916 2232 2959 vos
2255 2909 2377 2968 105

60 2988 352 3052 existimatis
424 2989 718 3050 Gracchos
792 2996 893 3048 aut
965 2988 1336 3048 Saturninum
1421 2994 1523 3047 aut
1589 3004 1934 3061 quemquam
2006 2989 2233 3046 illorum

58 3081 271 3136 veterum
287 3125 303 3154 ,
366 3080 469 3152 qui
512 3081 823 3153 populares
866 3077 1259 3150 habebantur,
1323 3077 1502 3134 ullum
1547 3092 1816 3149 umquam
1860 3076 1920 3133 in
1965 3076 2232 3134 contione

58 3157 278 3224 habuisse
321 3167 671 3226 conductum
688 3170 716 3224 ‘?
814 3167 999 3225 Nemo
1043 3164 1278 3239 habuit3
1333 3166 1463 3238 ipsa
1508 3165 1659 3223 enim
1705 3164 1936 3238 largitio
1983 3170 2047 3222 et
2103 3179 2236 3238 spes

58 3255 291 3313 commodi
351 3255 634 3329 propositi
693 3256 818 3314 sine
876 3254 1146 3312 mercede
1213 3254 1333 3312 ulla
1396 3253 1820 3311 multitudinem
1888 3252 2235 3311 concitabat.

161 3456 208 3522 1)
252 3454 489 3508 dakvisset
533 3453 891 3521 Wesenberg3
947 3453 1096 3508 codd.
1147 3453 1233 3505 vel
1279 3451 1484 3504 dixisse
1528 3450 1611 3504 vel
1655 3449 1813 3504 dixit.
2036 3449 2090 3517 2)
2149 3448 2239 3504 Sic

60 3517 208 3587 Orelli;
245 3525 399 3580 codd.
438 3524 570 3577 haec
604 3523 698 3576 via
732 3523 827 3576 hec
860 3524 1022 3577 ratio.
1216 3523 1270 3590 3)
1306 3537 1376 3574 ac
1410 3521 1669 3584 Lambin,
1708 3519 1863 3575 codd.
1902 3519 2005 3581 ad5
2047 3519 2233 3588 Jacob,

60 3587 179 3647 Halm
220 3603 337 3650 aut.
623 3596 681 3661 4)
731 3595 819 3648 Sic
864 3594 924 3647 C.
977 3595 1063 3648 Fr.
1110 3594 1419 3660 Hermann,
1479 3592 1676 3645 Philol.
1718 3591 1833 3654 ΠΙ,
1895 3608 1947 3660 p.
1989 3591 2124 3654 510;
2181 3592 2237 3644 in

59 3661 169 3717 codd.
226 3672 275 3719 ct
327 3663 537 3733 legitur
588 3666 714 3718 ante
771 3680 894 3717 cum
955 3664 1253 3731 locupletes.
1470 3664 1524 3730 5)
1588 3661 1677 3714 Sic
1711 3662 2035 3725 Mommsen;
2082 3660 2237 3717 codd.

59 3731 299 3789 exhonorari
332 3734 693 3799 videbantur-,-
728 3734 875 3802 vulg.
913 3734 1032 3788 emh.
1071 3734 1378 3787 videbatur.
1486 3733 1542 3800 6)
1570 3731 1661 3785 Sic
1683 3731 1863 3785 Madv.
1904 3749 1932 3785 e
1967 3729 2084 3786 cod.
2111 3730 2232 3784 Par.

58 3804 289 3874 vestigiis,
330 3807 425 3874 qui
457 3806 624 3859 habet
658 3804 1004 3868 nmleoeatwr5
1038 3805 1200 3873 vulgo
1237 3804 1349 3870 fere
1383 3802 1546 3855 malle
1580 3801 1809 3857 vidctwr.
1956 3803 2010 3869 7)
2048 3800 2239 3854 dicwnt

61 3868 206 3943 Halm,
240 3880 432 3931 contra
469 3875 621 3930 codd.
672 3874 766 3928 cfr.
802 3874 958 3928 Tusc.
998 3875 1062 3944 V,
1102 3873 1222 3929 108.
