2669 4354
431 238 512 294 84
1052 310 1055 315 μ
1377 258 1593 300 ORATIO
1637 258 1703 299 11.

428 429 602 487 etiam
647 445 719 487 ex
764 430 920 503 agris
971 431 1269 504 ingentem
1313 444 1616 490 numerum
1670 434 2029 506 perditorum
2090 433 2387 491 hominum
2450 434 2621 490 conle-

427 519 625 591 gerat!
747 518 933 576 Nemo
990 535 1108 576 non
1174 518 1343 577 modo
1401 519 1654 594 Romae,
1733 522 1837 580 sed
1892 539 1966 580 ne
2028 522 2146 580 ullo
2200 520 2435 594 quidem
2454 514 2504 600 l)
2570 520 2619 576 in

426 607 635 681 angulo
681 607 858 665 totius
903 607 1112 665 Italiae
1157 622 1467 680 oppressus
1522 624 1662 698 agre
1710 610 1901 668 alieno
1955 609 2098 683 fuit,
2161 625 2334 682 quem
2396 625 2514 667 non
2563 607 2622 664 ad

361 687 404 753 5
424 695 534 752 hoc
577 694 921 753 incredibile
968 696 1208 754 sceleris
1254 694 1457 754 foedus
1503 672 1795 781 asciverit.
1893 699 2086 770 Atque
2131 702 2197 754 ut
2245 698 2372 755 eius
2416 697 2622 754 diversa

366 783 402 840 9
424 782 615 841 studia
667 783 729 840 in
775 782 1040 841 dissimili
1077 783 1304 841 ratione
1351 784 1680 856 perspicere
1725 786 1958 857 possitis
1976 830 1991 858 ,
2051 800 2221 844 nemo
2269 790 2361 843 est
2400 785 2465 842 in
2505 783 2621 841 ludo

423 870 768 945 gladiatorio
812 871 986 943 paulo
1033 870 1107 928 ad
1151 869 1376 930 facinus
1423 871 1711 946 audacior,
1766 874 1862 945 qui
1938 890 1971 930 e
1997 890 2130 957 ,non
2176 873 2445 931 intimum
2490 871 2621 928 Cati-

421 959 577 1017 linae
640 957 790 1034 [esse
835 956 1110 1032 fateatur]
1129 952 1180 1038 ²)
1198 1004 1214 1032 ,
1270 973 1441 1017 nemo
1485 961 1547 1017 in
1604 977 1816 1018 scaena
1874 963 1893 1018 l
1930 928 2055 1019 {²1³0}
2100 965 2161 1019 et
2213 961 2476 1035 nequior,
2538 959 2621 1031 qui

421 1063 484 1105 se
529 1063 644 1104 non
692 1046 950 1104 eiusdem
994 1062 1174 1119 prope
1208 1047 1466 1105 sodalem
1510 1045 1688 1106 fuisse
1729 1054 2153 1107 commemoret.
2246 1048 2442 1121 Atque
2487 1047 2619 1105 idem

421 1141 617 1193 tamen
633 1179 649 1209 ,
712 1141 1040 1208 stuprorum
1087 1138 1146 1192 et
1200 1134 1487 1194 scelerum
1533 1137 1948 1195 exercitatione
1995 1135 2365 1195 adsuefactus
2424 1134 2620 1207 frigore

423 1230 483 1282 et
526 1223 680 1282 fame
727 1239 796 1280 ac
817 1217 868 1302 ³)
928 1223 1025 1280 siti
1071 1227 1133 1279 et
1175 1223 1396 1296 vigiliis
1440 1221 1804 1295 perferendis
1820 1270 1836 1298 ,
1907 1223 2071 1283 fortis
2118 1224 2191 1282 ab
2237 1225 2365 1283 istis
2410 1222 2622 1298 praedi·

421 1313 680 1385 cabatur,
740 1326 870 1368 cum
931 1311 1248 1368 industriae
1308 1311 1567 1369 subsidia
1626 1318 1801 1384 atque
1861 1313 2245 1371 instrumenta
2287 1312 2523 1371 virtutis
2574 1311 2654 1387 in}

321 1398 400 1454 10
418 1399 660 1458 libidine
718 1397 1075 1470 audaciaque
1136 1404 1503 1456 consumeret
1517 1392 1588 1478 4).
1693 1400 1864 1457 Hunc
1923 1416 2063 1458 vero
2115 1401 2163 1458 si
2224 1401 2414 1458 secuti
2473 1402 2623 1457 erunt

419 1489 508 1545 sui
556 1487 824 1560 comites,
884 1487 933 1543 si
991 1502 1062 1542 ex
1119 1486 1263 1543 urbe
1311 1487 1562 1544 exierint
1618 1485 2057 1560 desperatorum
2114 1488 2418 1546 hominum
2475 1485 2654 1558 flagi-r

417 1575 552 1633 tiosi
597 1591 833 1648 gregeS,
880 1590 915 1632 o
959 1590 1063 1632 nos
1105 1574 1343 1646 beatos,
1391 1590 1425 1632 o
1457 1590 1581 1632 rem
1625 1576 1917 1648 publicam
1959 1574 2316 1634 fortunatam
2337 1621 2353 1649 ,
2401 1592 2437 1633 o
2471 1589 2620 1648 prae-

417 1664 632 1722 claram
677 1663 907 1721 laudem
955 1663 1281 1719 consulatus
1326 1663 1475 1720 mei!
1577 1662 1632 1720 N
1635 1679 1707 1720 on
1754 1665 1909 1721 enim
1964 1665 2082 1721 iam
2133 1669 2269 1722 sunt
2313 1663 2619 1722 mediocres

414 1751 707 1809 hominum
751 1749 1021 1809 libidines
1039 1794 1054 1818 ,
1116 1767 1231 1808 non
1275 1750 1562 1807 humanae
1610 1766 1678 1808 ac
1719 1750 2061 1810 tolerandae
2108 1751 2431 1824 audaciae3
2496 1749 2620 1807 nihil

416 1841 672 1914 cogitant
712 1839 826 1897 nisi
872 1838 1082 1896 caedes
1104 1831 1185 1916 5),
1247 1839 1361 1894 nisi
1399 1837 1697 1911 incendia,
1753 1840 1866 1897 nisi
1911 1839 2161 1911 rapinas.
2271 1838 2620 1897 Patrimonia

413 1943 520 1985 sua-
562 1902 945 2001 pibiffi'zffiunt
962 1970 978 2000 ,
1035 1923 1297 1983 fortunas
1360 1941 1492 1982 suas
1537 1906 1966 2000 obligauerunt,
2020 1942 2117 1984 res
2179 1942 2282 1984 eos
2341 1928 2466 1985 iam
2525 1925 2621 1998 pri-

414 2014 579 2088 dem,
624 1992 998 2087 fi‘dss‘s'ffiuper
1041 2010 1291 2071 deficere
1339 2015 1564 2088 coepit3
1621 2013 1825 2072 eadem
1869 2020 2066 2072 tamen
2110 2014 2245 2087 illa,
2307 2030 2468 2086 quae
2514 2015 2621 2071 erat.

410 2105 473 2160 in
515 2102 895 2175 abundantia,
956 2101 1136 2159 libido
1180 2107 1499 2173 permanet.
1601 2101 1760 2173 Quod
1814 2103 1863 2159 si
1905 2104 1968 2159 in
2010 2103 2144 2159 vino
2188 2107 2251 2159 et
2297 2103 2442 2160 alea
2488 2117 2618 2160 com·

410 2191 777 2249 missationes
855 2191 1038 2248 solum
1111 2194 1172 2248 et
1245 2170 1437 2248 §corta
1510 2196 1886 2263 quaererent,
1964 2195 2166 2248 essent
2227 2191 2319 2248 illi
2400 2189 2616 2264 quidem

411 2279 795 2352 desperandi,
843 2277 947 2335 sed
992 2283 1189 2335 tamen
1236 2283 1431 2335 essent
1473 2276 1731 2336 ferendi:
1776 2280 1887 2336 hoc
1930 2295 2069 2337 vero
2115 2278 2245 2349 quis
2292 2278 2464 2337 ferre
2509 2293 2616 2351 pos-

409 2368 515 2440 sit,
586 2367 806 2424 inertes
851 2366 1110 2424 homines
1155 2364 1479 2422 fortissimis
1524 2366 1662 2423 viris
1704 2366 1969 2424 insidiari
1988 2410 2003 2439 ,
2065 2366 2447 2425 stultissimos
2507 2382 2621 2439 pru-

408 2454 786 2528 dentissimis,
833 2452 1092 2511 ebriosos
1138 2452 1374 2527 sobriiS,
1420 2452 1772 2511 dormientes
1816 2453 2232 2527 vigilantibus?
2284 2455 2390 2526 qui
2439 2446 2624 2530 mihiss)

409 2543 759 2600 accubantes
809 2542 872 2599 in
918 2541 1191 2599 conviviis
1207 2584 1222 2613 ‚
1277 2540 1559 2611 complexi
1603 2541 1877 2599 mulieres
1921 2540 2273 2614 impudicaS,
2330 2542 2477 2600 vino
2521 2542 2627 2598 lan-

407 2630 597 2703 guidi,
656 2628 902 2688 conferti
947 2630 1100 2702 cibo,
1163 2628 1336 2685 sertis
1382 2627 1669 2699 redimiti,
1728 2629 2039 2702 unguentis
2085 2629 2288 2702 obliti,
2340 2625 2626 2689 debilitati

404 2719 649 2791 stupriS,
708 2722 977 2776 eructant
1019 2714 1382 2775 sermonibus
1441 2717 1559 2774 suis
1606 2715 1845 2774 caedem
1901 2716 2185 2774 bonorum
2249 2722 2438 2789 atque
2486 2716 2654 2796 urbis

302 2805 378 2861 11
402 2806 692 2864 incendia.
807 2805 1024 2875 Quibus
1094 2820 1201 2876 ego
1274 2801 1497 2861 confido
1550 2802 1888 2875 impendere
1959 2802 2148 2860 fatum
2228 2804 2510 2879 aliquod,
2581 2807 2654 2878 et3

398 2889 648 2968 poenam
702 2894 820 2988 iagp
877 2892 979 2988 diu
1022 2891 1419 2983 improbitati,
1478 2890 1775 2962 nequitiae
1793 2935 1809 2963 ,
1867 2891 2108 2964 sceleri,
2177 2892 2422 2951 libidini
2487 2891 2633 2951 debi-

399 2987 520 3041 tam
573 2986 676 3041 aut
731 2964 952 3039 ins‘t'are
962 2958 1124 3038 “iam
1184 2980 1361 3052 plane
1416 2983 1519 3035 aut
1563 2981 1722 3035 certe
1770 2977 2261 3051 adpropinquare.
2369 2981 2539 3053 Quos
2594 2978 2630 3035 si

398 3086 563 3129 meus
623 3069 986 3142 consulatus,
1053 3067 1322 3140 quoniam
1384 3080 1592 3122 sanare
1646 3081 1761 3122 non
1819 3070 2047 3139 potest,
2117 3070 2465 3142 sustulerit,
2530 3082 2631 3125 non

397 3158 572 3217 breve
639 3158 836 3217 nescio
897 3154 1048 3228 quod
1104 3157 1360 3226 tempuS,
1435 3152 1540 3209 sed
1598 3153 1779 3209 multa
1845 3154 2081 3210 saecula
2142 3158 2504 3231 propagarit
2559 3153 2629 3212 rei

393 3246 680 3318 publicae.
786 3245 961 3303 Nulla
1016 3247 1108 3299 est
1163 3240 1317 3299 enim
1371 3239 1531 3297 natio
1548 3283 1563 3312 ,
1639 3256 1808 3310 quam
1860 3241 2377 3318 pertimescamus,
2455 3243 2654 3304 nullus,

392 3350 497 3392 rex
522 3378 538 3407 ,
597 3334 693 3408 qui
739 3333 956 3392 bellum
998 3330 1211 3404 populo
1255 3326 1516 3385 Romano
1570 3324 1765 3383 facere
1810 3328 2025 3400 possit3
2089 3333 2291 3390 omnia
2352 3338 2502 3391 sunt
2549 3341 2654 3398 ex·3

531 3571 584 3637 1)
623 3568 712 3624 Sic
752 3565 864 3621 cod.
905 3566 1219 3631 Rhenaug.‚
1271 3576 1342 3612 ne
1375 3557 1487 3611 αἰῶ
1520 3556 1583 3609 in
1621 3556 1823 3625 amulo
1871 3558 1992 3613 rell.
2030 3559 2187 3615 codd.
2440 3566 2498 3633 2)
2537 3574 2630 3616 esse

386 3638 634 3704 fateatwr
670 3655 774 3693 om.
813 3640 925 3690 tres
965 3633 1117 3688 codd.
1157 3630 1364 3685 delevit
1398 3628 1578 3681 Halm.
1755 3629 1809 3696 3)
1848 3644 1915 3681 ac
1952 3629 2108 3684 codd.
2147 3633 2434 3705 plerique,
2480 3634 2629 3701 vulgo

388 3712 449 3762 et.
624 3711 682 3779 4)
721 3708 1172 3761 consumerentur
1209 3699 1366 3755 codd.
1404 3697 1675 3776 plerique,
1712 3699 1918 3765 recepit
1951 3699 2138 3754 Halm.
2328 3707 2385 3774 5)
2427 3705 2632 3759 caedem

384 3778 659 3836 Eberhard
696 3795 819 3834 cum
857 3775 1044 3845 paucis
1080 3771 1234 3826 codd.
1346 3769 1402 3836 6)
1440 3766 1574 3819 mzhi
1610 3783 1709 3820 om.
1749 3767 1896 3821 codd.
1937 3770 2171 3839 aliquot,
2211 3774 2427 3829 delevit
2462 3775 2629 3837 Halm,

382 3853 441 3903 at
477 3853 658 3907 firmat
693 3850 841 3903 Serv.
882 3845 954 3900 ad
990 3847 1126 3899 Aen.
1164 3841 1255 3895 III
1292 3839 1416 3905 477,
1449 3836 1499 3889 V
1536 3836 1653 3890 291.
