2669 4354
621 709 1700 808 PRAEFATIO

816 880 868 932 N
872 879 1059 933 OVAE
1107 877 1496 932 EDITIONIS.

53 1137 222 1253 Cum
281 1212 321 1254 a
378 1189 724 1271 bibliopola
767 1186 1313 1270 Orphanotrophei
1366 1187 1668 1251 Halensis
1726 1193 1985 1271 rogatus
2037 1207 2262 1271 appro-

51 1295 229 1358 bante
271 1297 411 1357 viro
461 1294 820 1356 doctissimo
838 1343 853 1374 ,
901 1293 1012 1374 qui
1057 1296 1203 1354 ante
1246 1311 1349 1354 1110
1395 1292 1514 1354 hoc
1558 1293 1916 1355 orationum
1961 1293 2261 1355 volumen

54 1400 398 1462 scholarum
443 1399 515 1459 in
560 1417 752 1459 usum
798 1397 1155 1478 apparavit,
1214 1396 1313 1459 Fr.
1362 1397 1529 1479 Aug.
1576 1395 1939 1459 Ecksteinio
1957 1445 1973 1474 ,
2034 1415 2266 1458 novam

55 1503 380 1565 editionem
436 1500 866 1564 adornandam
924 1502 1343 1584 susciperem,
1402 1500 1731 1562 retinenda
1790 1506 1925 1563 erat
1981 1501 2266 1563 universi

54 1609 245 1687 operis
313 1608 474 1669 ratio
543 1611 734 1687 atque
802 1605 1116 1667 institutio
1189 1604 1266 1666 ab
1326 1604 1688 1667 Ecksteinio
1755 1605 1824 1665 in
1883 1605 2091 1686 priore
2150 1605 2268 1667 hac

50 1712 421 1791 praefatione
484 1711 637 1773 satis
700 1709 970 1772 defensa.
1061 1708 1275 1771 Nihilo
1340 1710 1553 1771 minus
1612 1710 1785 1790 ipsae
1832 1709 2266 1772 adnotationes

51 1816 285 1877 criticae
334 1815 516 1877 valde
547 1813 1028 1876 commutandae
1059 1813 1455 1876 videbantur.
1533 1812 1777 1875 Prodiit
1806 1814 1975 1874 enim
2007 1833 2059 1875 a.
2096 1814 2266 1876 1854

57 1924 110 1979 et
155 1921 318 1982 1856
381 1939 538 1982 01110
580 1918 818 1981 Βο11011
867 1923 930 1980 01
976 1918 1218 1980 Halmii
1265 1918 1526 1980 alterius
1565 1917 1859 1980 editionis
1903 1917 2264 1980 Turicensis

56 2023 340 2087 volumen
404 2023 790 2105 secundum,
860 2025 927 2085 in
990 2042 1115 2104 quo
1181 2025 1540 2085 orationum
1586 2021 2141 2085 Ciceronianarum
2202 2027 2264 2084 et

58 2129 192 2189 novi
236 2129 480 2192 codices
531 2129 599 2190 in
644 2127 853 2191 lucem
897 2127 1123 2210 prolati
1170 2132 1232 2189 et
1271 2126 1378 2189 alii
1424 2126 1670 2190 dudum
1714 2127 1848 2189 noti
1895 2126 2263 2210 diligentius

61 2235 296 2296 excussi
356 2239 417 2296 et
460 2232 859 2316 singulorum
900 2232 1209 2295 librorum
1256 2250 1440 2294 mser.
1486 2231 1761 2314 dignitas
1805 2237 1931 2294 tam
1972 2238 2261 2295 accurate

60 2339 399 2399 examinata
443 2342 570 2420 est,
616 2342 713 2419 ut,
759 2338 885 2399 nisi
921 2336 1080 2398 forte
1127 2356 1294 2399 nova
1340 2335 1621 2399 subsidia
1648 2337 2099 2419 inveniuntur,
2145 2338 2261 2400 hac

61 2438 347 2523 editione,
395 2443 766 2524 quicunque
813 2442 1128 2504 orationes
1161 2440 1602 2503 Ciceronianas
1646 2459 1972 2504 recensere
2016 2447 2259 2524 parant,

58 2561 157 2622 pro
212 2546 622 2609 fundamento
685 2547 780 2609 uti
835 2545 1120 2607 debeant.
1211 2544 1436 2626 Itaque
1497 2546 1684 2606 etiam
1730 2545 1913 2608 nobis
1955 2565 2085 2608 non
2130 2552 2258 2608 tam

62 2652 328 2711 veterum
373 2651 724 2713 editionum
770 2650 1074 2712 lectiones
1121 2668 1314 2730 quam
1361 2649 1647 2712 codicum
1692 2650 2258 2732 praestantissimo-

62 2768 187 2813 rum
251 2756 596 2836 scripturas
655 2753 956 2817 exhibere
1012 2772 1361 2835 eorumque
1416 2754 1675 2818 nomina
1728 2753 1957 2818 addere
2000 2756 2255 2837 placuit,

66 2873 314 2933 quorum
357 2860 751 2922 coniecturas
796 2863 907 2921 aut
951 2859 1305 2940 recepimus
1351 2863 1463 2920 aut
1506 2858 1719 2939 aliqua
1760 2860 2003 2921 ratione
2033 2858 2257 2941 proba-

62 2955 199 3024 biles
225 2964 670 3028 iudicavimus.
739 2964 972 3026 Rarius
998 2963 1285 3025 codicum
1316 2963 1647 3044 scripturis
1677 2982 1880 3025 unum
1909 2963 2258 3026 alterumve

65 3079 133 3122 ex
187 3066 530 3131 editoribus
605 3069 981 3149 adiecimUS,
1055 3068 1240 3130 cuius
1292 3067 1663 3129 auctoritate
1715 3066 2253 3130 commendentur.

63 3161 298 3233 Praeter
324 3171 733 3235 Turicensem
767 3172 1125 3252 editionem,
1168 3176 1242 3233 ut
1272 3188 1379 3233 eos
1410 3189 1781 3233 enumerare
1813 3171 2113 3253 omittam,
2146 3172 2257 3253 qui

63 3277 158 3332 aut
215 3275 283 3335 in
338 3275 678 3339 annalibus
737 3280 847 3338 aut
914 3276 1215 3357 separatis
1276 3274 1508 3337 libellis
1568 3275 1854 3357 singulos
1899 3276 2256 3339 orationum

61 3371 209 3439 locos
251 3385 705 3462 tractaverunt,
753 3381 1125 3463 gravissimo
1173 3379 1454 3442 subsidio
1500 3379 1684 3441 nobis
1724 3379 1846 3442 fuit
1876 3386 1940 3443 et
1968 3379 2254 3462 Lipsien-

62 3477 136 3539 sis
176 3483 357 3545 editio
403 3484 644 3547 Baiteri
691 3490 753 3547 et
797 3484 1102 3565 Kayseri,
1155 3484 1339 3546 cuius
1386 3484 1573 3545 etiam
1618 3484 1689 3544 in
1729 3484 1997 3566 singulis
2042 3485 2255 3549 verbis

62 3583 383 3650 scribendis
428 3589 739 3650 rationem
784 3589 1183 3670 potissimum
1231 3588 1434 3650 secuti
1480 3607 1736 3669 sumUS,
1783 3593 1847 3650 et
1891 3608 2000 3652 eae
2032 3590 2251 3673 singu-

62 3682 245 3751 larum
288 3693 646 3754 orationum
691 3693 1029 3774 editiones,
1080 3711 1238 3774 quas
1268 3691 1464 3754 Halm
1508 3696 1571 3754 et
1602 3691 1863 3754 Richter
1892 3692 2252 3755 scholarum

63 3785 116 3849 in
152 3812 333 3857 usum
377 3797 812 3861 instituerunt.
