2669 4354
952 256 1065 296 PRO
1089 256 1362 297 MVRENA.
2139 244 2170 298 1
2182 242 2262 300 59

97 428 420 502 designatuS,
480 429 661 486 multo
708 429 922 486 salutas
967 430 1415 501 neglegentius?
1512 430 1676 488 Haec
1721 431 1913 487 omnia
1958 431 2033 488 ad
2088 433 2266 489 ratio·

95 532 199 572 nem
240 517 479 575 civitatis
526 518 575 574 si
623 517 871 589 dirigaS,
930 521 1095 574 recta
1155 522 1317 589 sunt,
1380 517 1468 574 sin
1530 517 1896 590 perpendere
1958 517 2033 575 ad
2093 519 2263 576 disci-

97 604 254 675 plinae
295 609 609 677 praecepta
638 605 812 675 veIiS,
858 605 1225 677 reperiantur
1269 605 1621 676 pravissima.
1713 604 1902 674 Quare
1947 622 2056 663 nec
2101 605 2264 678 plebi

96 689 343 749 Romanae
389 692 677 764 eripiendi
720 691 941 749 fructus
986 693 1085 750 isti
1129 697 1264 749 sunt
1307 692 1571 750 ludorum
1589 737 1604 765 ,
1664 693 2072 766 gladiatorum,
2131 710 2264 751 con-

98 780 353 853 viviorum,
400 797 547 851 quae
594 781 785 837 omnia
830 780 1078 837 maiores
1120 781 1305 837 nostri
1352 786 1828 852 comparaverunt
1848 778 1925 860 1),
1972 798 2081 838 nec
2128 798 2263 840 can-

99 865 266 924 didatis
309 869 422 925 ista
465 868 796 940 benignitas
850 866 1157 925 adimenda
1211 873 1332 941 est,
1401 884 1549 940 quae
1609 868 2022 926 liberalitatem
2078 870 2263 941 magis

99 953 335 1027 significat
378 972 549 1028 quam
594 955 976 1027 largitionem.

230 1044 306 1100 At
358 1045 513 1101 enim
556 1049 617 1100 te
676 1042 749 1101 ad
810 1034 1190 1100 accusandum
1252 1058 1350 1100 res
1405 1041 1643 1114 publica
1697 1041 1951 1101 adduxit.
2054 1042 2261 1118 Credo,
2281 1038 2367 1105 37

97 1126 235 1203 Cato,
289 1136 348 1188 te
390 1132 501 1189 isto
545 1132 735 1188 animo
786 1135 961 1201 atque
1007 1147 1080 1188 ea
1124 1131 1395 1202 opinione
1454 1131 1707 1203 venisse3
1774 1131 1877 1188 sed
1936 1137 1998 1188 tu
2050 1132 2262 1205 impru-
2283 1135 2318 1192 7
2326 1134 2364 1191 8

93 1215 255 1275 dentia
302 1218 536 1277 laberis.
639 1217 765 1290 Ego
811 1218 965 1290 quod
1018 1216 1199 1290 facio,
1256 1216 1507 1290 iudiceS,
1567 1234 1696 1275 cum
1742 1219 2031 1278 amicitiae
2077 1219 2262 1295 digni-

90 1306 297 1377 tatisque
340 1305 406 1363 L.
446 1306 732 1363 Murenae
793 1307 981 1377 gratia
1036 1303 1214 1378 facio,
1272 1310 1395 1361 tum
1439 1321 1531 1363 me
1577 1306 1769 1379 pacis,
1832 1307 1967 1379 otii,
2024 1323 2263 1364 concor-

90 1391 219 1465 diae,
278 1394 591 1466 libertatiS,
659 1393 886 1466 salutis,
954 1394 1106 1451 vitae
1161 1393 1409 1464 denique
1464 1394 1714 1451 omnium
1773 1398 2029 1452 nostrum
2086 1411 2262 1453 causa

86 1477 248 1538 facere
298 1484 483 1539 clamo
539 1487 712 1552 atque
761 1487 962 1538 testor.
1065 1479 1280 1537 Audite
1299 1524 1314 1552 ,
1375 1480 1574 1537 audite
1638 1482 1959 1554 consulem,
2022 1483 2261 1557 iudiceS,

86 1567 203 1624 nihil
240 1569 422 1626 dicam
471 1568 841 1642 adrogantius
861 1612 876 1640 ,
934 1573 1159 1626 tantum
1207 1567 1424 1639 dicam,
1483 1573 1633 1625 totos
1677 1567 1801 1626 dies
1847 1575 2022 1641 atque
2064 1576 2261 1629 noctes

86 1654 145 1711 de
182 1673 239 1714 re
279 1658 511 1729 publica
556 1656 934 1728 cogitantem!
1034 1656 1166 1713 Non
1223 1671 1403 1727 usque
1453 1672 1521 1712 eo
1560 1655 1626 1712 L.
1671 1653 1923 1714 Catilina
1980 1674 2101 1714 rem
2157 1676 2262 1730 pu-

85 1740 257 1801 blicam
312 1744 578 1816 despexit
629 1749 800 1814 atque
863 1744 1232 1816 contempsit,
1307 1747 1373 1799 ut
1430 1759 1501 1801 ea
1566 1743 1759 1817 copia,
1835 1761 2006 1816 quam
2066 1760 2262 1802 secum

85 1831 279 1904 eduxit,
323 1849 386 1891 se
432 1833 582 1889 hanc
629 1831 923 1888 civitatem
968 1847 1378 1903 oppressurum
1413 1826 1831 1888 arbitraretur:
1886 1832 2055 1890 latius
2100 1837 2264 1904 patet

83 1917 212 1976 illius
253 1921 488 1977 sceleris
535 1920 831 1992 contagio,
879 1935 1051 1990 quam
1094 1919 1392 1991 quisquam
1451 1923 1648 1991 putat3
1706 1917 1779 1975 ad
1841 1920 2036 1991 plures
2079 1921 2261 1992 perti-

83 2012 193 2063 net:
250 2009 431 2080 intus,
482 2008 636 2063 intus
663 1999 746 2085 2),
809 2008 1071 2079 inquam,
1136 2010 1223 2063 est
1269 2021 1446 2077 equus
1487 2005 1800 2079 Troianus,
1864 2023 1899 2063 a
1941 2023 2055 2079 quo
2099 2025 2260 2064 num·

84 2111 230 2164 quam
290 2111 383 2151 me
460 2094 694 2151 consule
764 2093 1114 2152 dormientes
1179 2094 1596 2164 opprimemini.
1731 2094 1971 2164 Quaeris
2041 2112 2077 2152 a
2146 2112 2259 2169 me,
2282 2096 2362 2153 79

85 2184 258 2254 ecquid
275 2177 329 2262 3)
385 2200 492 2256 ego
540 2180 847 2240 Catilinam
905 2188 1180 2240 metuam:
1244 2181 1422 2255 nihil,
1488 2187 1547 2239 et
1592 2183 1789 2240 curavi
1844 2199 1919 2240 ne
1968 2184 2095 2256 quis
2139 2202 2259 2242 me-

83 2275 268 2343 tueret,
322 2270 428 2329 sed
470 2271 665 2342 copias
710 2271 894 2343 illius,
940 2286 1079 2342 quas
1125 2270 1220 2327 hic
1257 2268 1453 2342 vide0,
1509 2270 1639 2327 dico
1703 2287 1830 2328 esse
1885 2272 2261 2344 metuenda83

84 2373 167 2415 nec
220 2367 334 2417 tam
391 2357 684 2416 timendus
742 2364 832 2416 est
886 2375 1038 2415 nunc
1100 2358 1390 2415 exercitus
1446 2357 1515 2414 L.
1573 2356 1857 2416 Catilinae
1920 2376 2090 2431 quam
2144 2360 2258 2433 isti,

82 2447 158 2515 qui
208 2448 367 2504 illum
427 2446 748 2504 exercitum
807 2445 1138 2503 deseruisse
1197 2445 1480 2502 dicuntur.
1584 2446 1711 2502 Non
1771 2448 1925 2504 enim
1985 2447 2261 2506 deserue-

82 2541 208 2608 runt,
274 2534 378 2592 sed
426 2532 499 2591 ab
549 2533 648 2590 illo
694 2535 754 2591 in
805 2534 1053 2606 speculis
1113 2538 1285 2605 atque
1341 2533 1565 2590 insidiis
1584 2526 1636 2610 4)
1696 2535 1887 2591 relicti
1945 2536 2006 2591 in
2067 2536 2258 2608 capite

81 2625 221 2692 atque
265 2623 326 2679 in
373 2622 695 2678 cervicibus
744 2622 954 2678 nostris
998 2621 1368 2679 restiterunt:
1423 2620 1480 2677 hi
1524 2626 1585 2677 et
1627 2621 1917 2694 integrum
1963 2624 2260 2681 consulem

83 2713 128 2763 et
162 2710 366 2767 bonum
410 2711 820 2781 imperatorem
878 2714 937 2767 et
987 2713 1196 2766 natura
1254 2713 1314 2764 et
1370 2705 1604 2765 fortuna
1658 2721 1787 2766 cum
1841 2710 1930 2766 rei
1987 2711 2258 2782 publicae

81 2796 236 2856 salute
285 2798 656 2855 coniunctum
701 2796 851 2853 deici
894 2796 966 2853 de
1022 2795 1185 2853 urbis
1246 2795 1538 2868 praesidio
1590 2801 1650 2852 et
1695 2797 1767 2853 de
1817 2797 2077 2855 custodia
2123 2799 2259 2855 civi-

80 2886 187 2941 tatis
242 2886 456 2944 vestris
517 2885 821 2942 sententiis
876 2883 1176 2943 deturbari
1233 2884 1447 2940 volunt.
1569 2883 1818 2954 Quorum
1877 2901 1985 2957 ego
2042 2883 2261 2943 sermm

82 2976 128 3027 et
182 2974 482 3031 audaciam
552 2973 734 3029 reieci
799 2972 859 3029 in
921 2988 1154 3044 campo,
1230 2970 1527 3029 debilitavi
1593 2972 1656 3029 in
1712 2970 1837 3029 foro
1859 3016 1874 3044 ,
1950 2974 2261 3044 compressi

82 3058 224 3117 etiam
269 3060 427 3118 domi
474 3075 640 3118 meae
687 3076 897 3133 saepe,
957 3059 1213 3133 iudiceS,
1280 3059 1373 3116 his
1428 3075 1527 3116 vos
1573 3060 1621 3116 si
1663 3060 1909 3117 alterum
1967 3061 2262 3118 consulem

80 3146 406 3207 tradideritis
421 3193 436 3222 ,
499 3148 628 3220 plus
673 3149 853 3205 multo
901 3152 1070 3204 erunt
1121 3148 1326 3204 vestris
1385 3147 1689 3204 sententiis
1733 3163 1901 3218 quam
1959 3148 2077 3205 suis
2138 3150 2260 3221 gla-

80 3230 165 3289 diis
211 3236 525 3294 consecuti.
645 3235 847 3309 Magni
900 3234 1183 3307 interest,
1256 3234 1510 3307 iudiceS,
1581 3235 1641 3292 id
1699 3235 1850 3306 quod
1906 3251 2013 3309 ego
2068 3237 2261 3294 multis

80 3324 509 3394 repugnantibus
570 3323 664 3394 egi
709 3328 881 3394 atque
941 3320 1194 3395 perfeci,
1266 3338 1394 3379 esse
1440 3321 1715 3380 Kalendis
1758 3323 2045 3380 Ianuariis
2087 3324 2148 3381 in
2194 3341 2259 3382 re

81 3408 276 3473 publica
342 3412 487 3470 duos
554 3411 831 3469 consules,
953 3409 1146 3467 Nolite
1214 3410 1488 3467 arbitrari
1556 3410 1942 3469 mediocribus
2010 3412 2261 3470 consiliis
2282 3409 2365 3467 80

81 3497 161 3551 aut
199 3501 425 3557 usitatis
468 3500 577 3557 viis
595 3491 648 3578 5)
698 3503 800 3555 aut
857 3492 895 3526 ‘³⁶
916 3492 970 3555 ⁴⁹.
1076 3497 1203 3554 Non
1263 3498 1358 3556 lex
1416 3498 1705 3572 improba,
1766 3515 1883 3556 non
1938 3500 2264 3572 perniciosa

80 3711 186 3772 quid
237 3720 360 3770 cett.
423 3713 594 3778 codd.;
660 3714 806 3767 Bake
866 3711 997 3779 quid
1055 3713 1211 3781 quod.
1438 3716 1490 3780 1)
1554 3714 1703 3768 Bake
1764 3715 2263 3782 comprobaverunt.

82 3776 121 3837 2)
161 3784 371 3846 alterum
406 3785 561 3838 intus
598 3783 741 3837 delet
775 3784 930 3837 Boot.
1143 3785 1196 3846 3)
1234 3783 1428 3849 ecquid
1476 3784 1653 3849 Bake,
1691 3786 1880 3851 Halm3
1923 3788 2061 3854 quid
2111 3788 2261 3841 codd.

83 3847 124 3914 4)
150 3851 203 3901 in
234 3856 452 3909 insidiis
489 3855 668 3907 Halm.
847 3856 900 3918 5)
940 3854 1027 3907 Sic
1065 3854 1146 3907 ed.
1186 3853 1361 3919 Crat.;
1401 3855 1551 3909 codd.
1588 3856 1755 3910 vitiis.
1830 3858 2099 3911 Lacunam
2137 3860 2263 3925 post
