2669 4354
797 249 799 251 >
827 244 894 299 m
939 243 1120 285 MARc.
1164 244 1496 285 AN'romvm.
2145 223 2274 285 385,

96 416 309 481 saeculis
344 433 381 474 a
418 417 499 474 M.
544 417 822 490 Antonio,
885 413 1058 493 [quod
1114 415 1212 477 fas.
1264 434 1382 477 non
1447 410 1655 499 θεῷ),
1707 435 1813 478 rex
1858 418 2075 476 Romae
2137 433 2273 477 con-

95 504 437 563 stitueretur?
1209 530 1212 533 ·
1309 534 1312 537 ·
1738 561 1746 568 ,
2212 540 2231 549 -

244 580 344 655 Sed
388 592 463 650 ad
510 593 767 671 auspicia
796 591 1117 651 redeamus
1206 593 1297 652 De
1346 593 1550 666 quibus
1588 592 1784 655 Idibus
1814 593 2046 653 Martiis
2062 587 2116 670 2)
2161 580 2376 651 fuit35

91 681 142 738 in
169 685 352 741 senatu
384 678 603 739 Caesar
633 684 885 741 acturus,
978 680 1238 751 Quaero:
1286 685 1409 739 tum
1452 686 1517 739 tu
1562 681 1699 754 quid
1728 682 1968 753 egisses„
2058 681 2276 741 Audie-
2293 675 2373 732 88

91 769 207 826 bam
246 767 502 840 equidem
535 773 596 826 te
626 772 893 841 paratum
923 769 1149 827 venisse
1166 813 1182 843 ,
1228 770 1384 842 quod
1425 786 1518 827 me
1551 768 1625 828 de
1658 769 1948 828 ementitis
1981 768 2271 841 auspiciiS,

91 857 268 928 quibus
293 861 485 915 tamen
514 871 725 929 parere
755 872 996 915 necesse
1030 860 1186 930 erat,
1217 862 1464 930 putares
1494 873 1620 919 esse
1652 856 1954 917 dicturum.
2031 856 2275 914 Sustulit

87 943 223 1003 illum
265 936 413 1003 diem
455 943 692 1007 fortuna
735 945 824 1002 rei
879 944 1179 1018 publicae:
1237 962 1375 1005 num
1438 945 1617 1004 etiam
1674 951 1833 1005 tuum
1874 944 1950 1003 de
1994 944 2267 1016 auspiciis

86 1032 331 1090 iudicium
367 1033 641 1093 interitus
689 1030 957 1113 Caesaris
1013 1032 1288 1091 sustulit?
1377 1032 1491 1103 Sed
1552 1032 1731 1095 incidi
1789 1033 1852 1093 in
1912 1032 1985 1101 id.
2024 1036 2266 1105 tempuS‚

85 1120 218 1191 quod
258 1121 325 1178 iis
369 1119 571 1193 rebus,
626 1120 687 1177 in
745 1135 885 1193 quas
927 1121 1191 1197 ingressa
1251 1126 1378 1183 erat
1434 1121 1647 1195 oratio,
1708 1118 2198 1195 praevertendum
2215 1112 2279 1198 ⁸)

84 1213 175 1266 est.
272 1208 425 1279 Quae
487 1214 591 1266 tua
643 1206 808 1289 fuga!
878 1224 1027 1280 quae
1093 1206 1338 1285 formido
1393 1209 1707 1281 praeclaro
1755 1208 1858 1269 illo
1926 1207 2050 1265 die!
2119 1223 2268 1279 quae

80 1299 291 1368 propter
345 1295 756 1355 conscientiam
817 1296 1103 1357 scelerum
1176 1296 1520 1368 desperatio.
1575 1297 1768 1370 vitae,
1846 1313 1973 1357 cum
2045 1311 2118 1353 ex
2170 1295 2273 1361 illa

79 1381 201 1456 fuga
242 1380 517 1443 beneficio
557 1399 786 1457 eorum,
824 1385 925 1457 qui
966 1388 1056 1460 te,
1095 1384 1146 1441 si
1182 1398 1356 1441 sanus
1397 1401 1584 1457 essee,
1606 1383 1852 1444 salvum
1900 1399 2028 1443 esse
2074 1382 2271 1441 volue-

77 1477 225 1544 runt,
270 1472 414 1531 clam
455 1476 515 1529 te
559 1470 790 1533 domum
831 1471 1136 1545 recepisti!
1227 1470 1274 1528 O
1305 1488 1438 1530 mea
1466 1470 1684 1531 frustra
1713 1488 1946 1544 semper
1973 1469 2274 1539 verissima
2291 1470 2373 1527 89

74 1560 297 1632 auguria
337 1576 533 1616 rerum
579 1558 928 1619 futurarum!
1018 1559 1304 1621 Dicebam
1349 1560 1466 1619 illis
1508 1561 1570 1616 in
1616 1558 1900 1631 Capitolio
1945 1558 2274 1619 liberatori-

74 1647 165 1704 bus
207 1648 439 1720 nostris,
487 1663 616 1704 cum
661 1641 754 1705 nie
801 1646 876 1705 ad
921 1652 992 1709 te,
1027 1648 1116 1705 ire
1160 1647 1417 1721 vellent,
1451 1652 1518 1706 ut
1556 1647 1631 1709 ad
1672 1645 2107 1711 defendendam
2144 1662 2272 1704 rem

70 1734 343 1806 publicam
387 1740 447 1792 te
479 1734 855 1808 adhortarer,
898 1735 1087 1807 quoad
1117 1740 1463 1808 1ῑῐιθιιιριᾙε,
1501 1735 1694 1794 omnia
1739 1739 1801 1792 te
1842 1734 2272 1809 promissurum,

71 1823 222 1883 simul
266 1840 335 1881 ac
380 1823 587 1882 timere
634 1822 946 1897 desisseS,-
988 1823 1234 1881 similem
1290 1828 1352 1880 te
1406 1823 1660 1885 futurum
1705 1823 1808 1880 tui.
1897 1822 2094 1895 ltaque
2142 1837 2274 1878 cum

70 1911 236 1989 ceteri
283 1911 618 1971 consulares
662 1909 820 1969 irent
874 1911 1168 1982 redirent,
1229 1912 1293 1968 in
1353 1912 1645 1969 sententia
1703 1910 1912 1968 mansi:
1974 1925 2163 1981 neque
2210 1914 2269 1967 te

67 1996 152 2055 illo
211 1998 305 2063 die
366 2015 556 2070 neque
618 2000 851 2069 postero
911 1999 1061 2072 vidi,
1135 2015 1324 2077 neque
1402 1999 1578 2059 ullam
1634 1999 1982 2073 ,societatem
2038 1996 2271 2069 optimis

68 2085 272 2145 civibus
318 2103 450 2144 cum
493 2086 980 2157 importunissimo
1044 2086 1211 2145 hoste
1272 2085 1514 2145 foedere
1569 2087 1686 2144 ullo
1731 2082 2055 2147 confirmari
2092 2100 2269 2157 ‘posse

66 2174 291 2233 credidi.
382 2170 523 2232 Post
568 2172 722 2231 diem
766 2175 1005 2232 tertium
1069 2175 1202 2233 veni
1260 2175 1321 2232 in
1387 2174 1601 2234 aedem.
1637 2174 1889 2250 Telluris
1935 2179 1995 2233 et
2039 2171 2271 2247 quidem

63 2261 287 2332 invitus,
336 2279 468 2319 cum
513 2278 712 2320 omnes
758 2262 948 2321 aditus
995 2264 1204 2321 armati
1234 2263 1589 2325 obsiderent.
1680 2263 1791 2333 Qui
1835 2263 1941 2326 tibi
1985 2262 2127 2330 dies
2149 2260 2273 2334 ille,
2292 2260 2374 2317 90

64 2452 142 2494 me
188 2438 276 2495 tui
321 2438 592 2508 miseret,
638 2437 790 2509 quod
836 2437 944 2496 tibi
988 2438 1283 2496 invideris,
1375 2439 1484 2509 Qui
1526 2444 1591 2497 tu
1637 2440 1752 2513 vir,
1799 2439 1859 2497 di
1898 2437 2270 2510 immortales,
2288 2428 2376 2496 36

62 2528 110 2580 et
175 2529 432 2597 quantus
498 2524 739 2599 fuisseS,
824 2526 873 2583 si
936 2526 1089 2583 illius
1158 2526 1277 2583 diei
1340 2531 1593 2584 mentem
1660 2542 1891 2586 servare
1957 2525 2269 2599 potuisses!

57 2609 264 2670 Pacem
307 2612 684 2687 haberemuS,
730 2629 881 2685 quae
929 2619 1055 2672 erat
1101 2612 1255 2671 facta
1283 2630 1392 2686 per
1421 2613 1679 2672 obsidem
1708 2629 1956 2687 puerum
2000 2612 2273 2684 nobilem,

55 2696 120 2755 M.
168 2700 572 2768 Bambalionis
619 2706 907 2774 nepotem.
998 2701 1354 2773 Quamquam
1411 2701 1625 2762 bonum
1684 2707 1744 2758 te
1764 2759 1767 2762 ,
1790 2701 1975 2774 ῖίῐῑιοιξΓ
1998 2698 2271 2773 faciebat,

5 2863 6 2866 Ἴ
54 2802 156 2846 non
204 2788 516 2854 diuturnus
563 2789 842 2864 magister
885 2786 1090 2862 officii,
1148 2788 1472 2870 improbum
1527 2788 1672 2848 fecit
1732 2805 1835 2862 ea,
1896 2803 2078 2863 quae,
2136 2788 2273 2846 dum

51 2873 214 2934 timor
262 2876 468 2950 abest,
528 2892 563 2933 a
608 2883 667 2934 te
714 2893 830 2934 non
876 2876 1154 2950 discedit,
1213 2876 1473 2934 audacia.
1564 2876 1693 2935 Etsi
1738 2882 1894 2950 tum,
1955 2892 2085 2934 cum
2125 2876 2272 2949 opti-

5 2953 6 3028 ]
49 2977 193 3021 mum
242 2968 307 3021 te
358 2963 677 3038 putabant,
736 2981 830 3022 me
891 2952 1125 3037 quidem
1170 2963 1550 3023 dissentiente
1570 3009 1586 3037 ,
1651 2963 1842 3023 funeri
1895 2964 2161 3037 tyranni,
2221 2964 2295 3032 si-

5 3071 6 3074 *
46 3048 182 3109 illud
231 3049 415 3111 funus
462 3051 598 3124 fuit,
644 3052 1087 3111 sceleratissime
1132 3051 1456 3132 praefuisti.
1547 3051 1676 3109 Tua
1718 3053 1820 3109 illa
1860 3052 2106 3125 pulchra
2147 3052 2270 3109 lau·
2291 3050 2370 3107 91

5 3209 6 3214 η
45 3133 191 3197 datio
210 3184 228 3213 ,
271 3144 384 3198 tua
427 3137 755 3212 miseratiO,
800 3145 905 3197 tua
950 3139 1299 3212 cohortatio,
1346 3145 1441 3213 tu,
1488 3146 1551 3198 tu
1570 3184 1584 3213 ,
1629 3140 1889 3214 inquam,
1934 3140 2065 3198 illas
2110 3137 2270 3197 faces

5 3222 359 3286 &incendisti
408 3232 468 3285 et
515 3241 648 3300 eae,
710 3226 917 3299 quibus
981 3228 1373 3286 semustilatus
1432 3228 1535 3285 ille
1582 3232 1703 3301 est,
1764 3234 1825 3286 et
1871 3243 2003 3301 eaS,
2066 3227 2303 3300 quibus·

5 3308 278 3378 ,incensa
327 3314 398 3371 L.
444 3314 695 3392 Bellieni
748 3314 950 3373 domus
1008 3313 1366 3387 deflagravit.
1457 3316 1544 3373 Tu
1597 3316 1729 3374 illos
1785 3316 2047 3394 impetus
2074 3313 2270 3388 perdi-

41 3401 222 3460 torum
277 3402 578 3460 hominum
596 3396 652 3483 ⁴¹)
699 3408 759 3461 et
820 3420 890 3461 ex
934 3402 1200 3461 maxima
1252 3409 1421 3476 parte
1446 3403 1805 3478 “servorum,
1863 3420 2005 3475 quos
2063 3419 2167 3461 nos
2212 3403 2270 3460 vi

204 3637 267 3704 1)
311 3633 465 3702 quod
496 3637 593 3703 fas
628 3651 741 3688 non
778 3640 855 3689 est
878 3651 994 3689 unc.
1020 3634 1145 3689 incl.
1173 3634 1392 3704 Campe,
1433 3637 1517 3690 cui
1541 3638 1656 3689 iure
1689 3605 2065 3705 obtemperant
2087 3636 2271 3702 Halm,

33 3695 342 3760 Eberhard.
559 3705 613 3772 2)
664 3705 752 3759 Sic
791 3704 978 3766 Ha]m;
1030 3705 1153 3759 Vat.
1177 3705 1387 3773 'quibus
1423 3706 1646 3767 matris‚·
1705 3709 1831 3761 cett.
1879 3706 2026 3761 codd.
2073 3700 2270 3773 quibus

32 3768 188 3826 rebus
231 3775 446 3829 Idibus
483 3775 713 3828 Martiis
759 3779 815 3829 et
851 3776 927 3829 sie
970 3776 1115 3845 vulg.
1292 3777 1348 3843 3)
1385 3793 1499 3830 non
1533 3776 1745 3829 addidit
1776 3777 1994 3831 Ernesti
2042 3793 2105 3830 ex
2135 3776 2268 3830 dett.

30 3839 171 3895 codd.
192 3888 207 3912 ‚
225 3846 308 3899 'in
338 3845 535 3915 quibus
564 3849 649 3899 est
659 3845 1121 3914 praetereundum
1142 3862 1257 3901 non
1280 3846 1369 3902 sit.
1560 3848 1617 3915 4)
1654 3846 1937 3922 hominum
1965 3864 2068 3902 om.
2094 3845 2266 3899 Vatic.
