2669 4354
766 240 847 277 DE
892 239 1144 279 IMPERIO
1184 239 1275 279 CN.
1322 240 1561 280 ΡΟΜΡΕΙ.
2195 222 2275 280 59

95 413 307 485 vissent,
362 412 506 469 satis
568 400 793 470 firmum
836 412 1189 484 praesidium
1233 413 1535 485 provincia
1578 429 1693 470 non
1736 413 2010 471 haberet:
2057 413 2280 470 amisis-

94 501 207 558 setis
245 500 468 572 Asiam,
529 500 813 573 QuiriteS,
881 502 993 558 nisi
1067 500 1143 559 ad
1198 501 1387 573 ipsum
1445 500 1757 558 discrimen
1820 502 1946 559 eius
2000 500 2278 573 temporis

95 588 330 645 divinitus
392 587 496 646 Cn.
542 588 878 661 Pompeium
924 589 999 646 ad
1045 605 1145 646 eas
1187 589 1458 660 regiones
1511 588 1746 646 fortuna
1784 588 1985 662 populi
2029 588 2277 646 Romani

94 677 362 734 attulisset.
453 676 644 734 Huius
688 677 968 734 adventus
1029 682 1089 734 et
1132 676 1531 735 Mithridatem
1591 677 1826 735 insolita
1866 676 2279 733 inflammatum

92 765 296 822 victoria
351 764 639 822 continuit
695 769 755 823 et
799 765 1111 837 Tigranem
1169 765 1393 837 magnis
1454 765 1634 839 copiis
1693 766 2055 822 minitantem
2100 764 2277 822 Asiae

90 851 384 910 retardavit.
488 853 573 909 Et
624 854 920 924 quisquam
971 853 1292 926 dubitabit,
1353 852 1491 924 quid
1569 852 1786 910 virtute
1841 850 2208 924 perfecturus
2228 846 2278 930 1)

91 941 171 1012 sit,
217 941 306 1012 qui
361 945 594 998 tantum
641 943 985 999 auctoritate
1033 939 1389 1013 perfecerit?
1456 946 1559 999 aut
1602 957 1773 1013 quam
1818 939 1988 997 facile
2035 940 2278 1011 imperio

90 1033 230 1100 atque
281 1029 549 1086 exercitu
616 1028 801 1087 socios
863 1035 925 1086 et
974 1028 1287 1101 vectigalia
1349 1032 1792 1087 conservaturus
1836 1029 1942 1100 sit,
2007 1027 2105 1099 qui
2147 1028 2276 1100 ipso

89 1116 280 1174 nomine
326 1133 395 1174 ac
440 1133 680 1175 rumore
719 1116 1089 1175 defenderit?
1176 1116 1303 1189 Age
1344 1133 1482 1175 vero
1511 1117 1614 1174 illa
1644 1133 1739 1173 res
1779 1121 2052 1188 quantam
2084 1104 2382 1173 decla-16

86 1208 159 1260 rat
211 1204 466 1263 eiusdem
520 1204 768 1262 hominis
823 1203 974 1277 apud
1033 1203 1230 1263 hostes
1292 1206 1487 1277 populi
1545 1204 1790 1263 Romani
1848 1203 2277 1277 auctoritatem,
2297 1198 2377 1255 46

90 1292 211 1362 quod
253 1310 319 1351 ex
364 1293 511 1350 locis
560 1298 681 1350 tam
721 1292 1048 1365 longinquis
1094 1298 1326 1363 tamque
1374 1292 1616 1350 diversis
1660 1297 1779 1350 tam
1808 1292 1970 1350 brevi
2016 1296 2277 1364 tempore

88 1395 251 1438 omnes
303 1381 438 1438 huic
504 1397 570 1438 se
618 1382 721 1438 uni
767 1380 1147 1438 dediderunt!
1208 1381 1361 1452 quod
1407 1379 1772 1438 Cretensium
1789 1374 1843 1458 2)
1888 1380 2093 1453 legati,
2150 1397 2279 1437 cum

89 1467 135 1522 in
189 1485 374 1526 eorum
431 1469 631 1526 insula
689 1473 886 1526 noster
944 1469 1263 1540 imperator
1322 1469 1728 1540 exercitusque
1790 1472 1979 1540 esset,
2041 1468 2115 1526 ad
2177 1467 2278 1526 Cn.

87 1554 384 1628 Pompeium
465 1558 533 1613 in
604 1557 837 1614 ultimas
890 1573 1071 1629 prope
1134 1562 1322 1614 terras
1382 1562 1667 1614 venerunt
1728 1557 1896 1627 eique
1955 1571 2018 1612 se
2079 1572 2277 1614 omnes

89 1641 414 1702 Cretensium
486 1644 758 1702 civitates
819 1643 1034 1702 dedere
1095 1645 1244 1702 velle
1302 1644 1601 1702 dixerunt!
1703 1642 1897 1713 Quid?
1953 1643 2107 1701 idem
2165 1645 2276 1701 iste

86 1730 416 1791 Mithridates
479 1749 682 1791 nonne
738 1732 811 1789 ad
861 1731 1109 1791 eundem
1156 1732 1259 1791 Cn.
1304 1733 1643 1805 Pompeium
1689 1733 1944 1802 legatum
1990 1747 2171 1802 usque
2216 1733 2277 1788 in

86 1817 383 1891 Hispaniam
447 1821 651 1878 misit?
726 1838 856 1878 eum
913 1837 1086 1893 quem
1131 1820 1439 1893 Pompeius
1483 1821 1741 1892 legatum
1786 1834 2017 1891 semper
2060 1818 2278 1876 iudica-

87 1907 150 1963 vit
168 1902 241 1986 ³),
301 1910 372 1983 ii,
440 1909 656 1982 quibus
723 1914 852 1965 erat
877 1901 931 1987 4)
1004 1909 1306 1966 molestum
1379 1908 1454 1965 ad
1520 1925 1651 1966 eum
1719 1907 2077 1980 potissimum
2148 1923 2276 1964 esse

88 1994 309 2070 missum,
396 1998 832 2070 speculatorem
918 2013 1088 2068 quam
1177 1997 1434 2069 legatum
1521 1996 1764 2053 iudicari
1789 1988 1841 2075 5)
1928 1995 2276 2052 maluerunt.

88 2081 292 2142 Potestis
335 2084 523 2158 igitur
570 2084 685 2142 iam
717 2085 1090 2158 constituere,
1138 2083 1415 2158 Quirites,
1461 2085 1613 2142 hanc
1644 2084 2053 2142 auctoritatem
2082 2083 2279 2140 multis

89 2176 248 2241 postea
326 2173 505 2233 rebus
586 2173 765 2247 gestis
844 2173 1180 2247 magnisque
1255 2173 1465 2231 vestris
1552 2173 1782 2231 iudiciis
1852 2168 2278 2245 amplificatam,

93 2266 324 2328 quantum
373 2261 536 2334 apud
578 2262 709 2319 illos
751 2276 953 2338 reges,
1017 2266 1294 2334 quantum
1356 2261 1512 2333 apud
1558 2266 1789 2321 exteras
1836 2260 2102 2320 nationes
2139 2260 2279 2319 vali-

91 2349 240 2406 turam
284 2367 412 2408 esse
464 2349 827 2408 existimetis.

224 2437 539 2511 Reliquum
600 2441 690 2495 est
746 2442 810 2494 ut
869 2436 942 2495 de
994 2436 1303 2510 felicitate,
1361 2453 1533 2509 quam
1575 2440 1878 2508 praestare
1924 2436 1998 2495 de
2046 2453 2108 2494 se
2154 2436 2281 2509 ipso
2300 2431 2379 2487 47

89 2539 226 2581 nemo
277 2531 508 2601 potest,
569 2526 899 2583 meminisse
966 2530 1026 2583 et
1083 2541 1532 2582 commemorare
1587 2524 1662 2582 de
1723 2523 1908 2582 altero
1962 2541 2280 2598 possumuS,

91 2610 208 2669 sicut
245 2630 491 2687 aequum
544 2619 632 2671 est
673 2613 934 2671 homines
976 2613 1049 2670 de
1080 2617 1371 2685 potestate
1412 2613 1682 2685 deorum,
1740 2611 1942 2670 timide
1989 2617 2051 2669 et
2094 2629 2282 2686 pauca

91 2697 319 2759 dicamus.
423 2703 561 2775 Ego
613 2703 765 2759 enim
810 2701 894 2757 sic
941 2702 1238 2774 existim0,
1304 2701 1591 2774 Maximo,
1638 2701 1949 2772 Marcello,
2011 2701 2281 2773 Scipioni,

90 2783 243 2847 Mario
298 2797 357 2848 et
413 2790 634 2849 ceteris
691 2790 913 2861 magnis
971 2789 1418 2861 imperatoribus
1481 2805 1595 2846 non
1648 2788 1831 2846 solum
1887 2792 2124 2861 propter
2167 2789 2284 2845 vir-

90 2876 264 2951 tutem,
336 2879 439 2937 sed
524 2878 700 2937 etiam
774 2882 1014 2950 propter
1065 2877 1355 2934 fortunam
1416 2877 1648 2949 saepius
1701 2876 1946 2948 imperia
2011 2876 2284 2934 mandata

92 2964 229 3034 atque
283 2963 581 3025 exercitus
636 2983 764 3024 esse
811 2966 1158 3025 commissos,
1247 2965 1387 3023 Fuit
1448 2965 1600 3022 enim
1644 2963 1903 3036 profecto
1940 2963 2283 3036 quibusdam

92 3054 290 3111 summis
333 3055 476 3112 viris
527 3053 813 3126 quaedam
857 3052 929 3111 ad
978 3052 1414 3125 amplitudinem
1463 3056 1524 3110 et
1563 3052 1637 3110 ad
1675 3052 1916 3126 gloriam
1963 3057 2024 3109 et
2068 3051 2143 3110 ad
2186 3069 2283 3110 res

92 3151 290 3212 magnas
353 3143 511 3201 bene
571 3142 856 3215 gerendas
924 3141 1197 3199 divinitus
1261 3140 1533 3199 adiuncta
1595 3139 1841 3198 fortuna.
1954 3140 2045 3197 De
2112 3140 2283 3197 huius

93 3231 254 3286 autem
295 3230 546 3288 hominis
591 3230 901 3302 felicitate,
960 3229 1033 3286 de
1091 3247 1204 3300 quo
1251 3247 1404 3287 nunc
1452 3230 1699 3302 agimuS,
1756 3229 1865 3286 hac
1913 3233 2045 3286 utar
2088 3228 2283 3286 mode-

92 3315 287 3373 ratione
329 3318 600 3392 dicendi,
647 3335 761 3376 non
805 3323 870 3375 ut
913 3320 972 3375 in
1018 3318 1178 3374 illius
1220 3321 1509 3389 potestate
1540 3316 1833 3375 fortunam
1876 3318 2124 3391 positam
2156 3334 2283 3375 esse

93 3398 273 3478 dicam,
329 3406 434 3465 sed
497 3412 563 3464 nt
615 3406 937 3478 praeterita
997 3406 1360 3478 meminisse,
1410 3406 1639 3477 reliqua
1685 3422 1921 3476 sperare
1967 3406 2283 3478 videamur,

124 3718 131 3727 .
243 3655 291 3722 1)
333 3656 497 3710 Multi
533 3672 596 3709 ex
632 3658 828 3708 recent.
876 3654 1030 3709 libris
1075 3656 1436 3721 profecturus.
1647 3657 1699 3722 2)
1741 3655 2013 3708 comnmmi
2072 3655 2283 3709 Orctcn-

95 3733 211 3773 Stum
245 3726 356 3779 cod.
383 3726 526 3790 Col.‚
565 3728 706 3779 unde
730 3725 1049 3779 Gulielmius
1089 3743 1125 3776 a
1163 3725 1435 3777 communi
1467 3725 1625 3789 Cret„
1656 3726 1799 3794 quod
1835 3727 2041 3792 recepit
2058 3727 2282 3794 Kayser.

97 3789 138 3852 3)
168 3809 281 3846 eum
315 3798 368 3849 et
402 3796 696 3863 Pompeius
733 3827 800 3835 —
837 3796 1098 3848 iudicavit
1137 3795 1413 3849 Eberhard
1450 3796 1601 3848 uncis
1640 3796 1763 3848 incl.
1948 3796 2005 3861 4)
2043 3796 2132 3849 Sic
2170 3795 2282 3848 cod.

98 3856 207 3925 Col.‚
242 3868 362 3919 cett.
400 3867 548 3921 codd.
588 3883 787 3934 semper
824 3873 959 3920 erat.
1032 3868 1086 3934 5)
1121 3866 1300 3934 Vulgo
1339 3871 1523 3920 contra
1559 3866 1710 3919 codd.
1752 3866 1982 3936 optimos
2019 3864 2283 3918 iudicare.
