<?xml version="1.0" encoding="UTF-8"?>
<!DOCTYPE html PUBLIC "-//W3C//DTD XHTML 1.0 Transitional//EN"
    "http://www.w3.org/TR/xhtml1/DTD/xhtml1-transitional.dtd">
<html xmlns="http://www.w3.org/1999/xhtml" xml:lang="en" lang="en">
 <head>
  <title>
</title>
<meta http-equiv="Content-Type" content="text/html;charset=utf-8" />
  <meta name='ocr-system' content='tesseract 3.04.00' />
  <meta name='ocr-capabilities' content='ocr_page ocr_carea ocr_par ocr_line ocrx_word'/>
</head>
<body>
  <div class='ocr_page' id='page_1' title='image "./orationesselect02cicegoog_0128.png"; bbox 0 0 2669 4354; ppageno 0'>
   <div class='ocr_carea' id='block_1_1' title="bbox 412 224 1971 282">
    <p class='ocr_par' dir='ltr' id='par_1_1' title="bbox 412 224 1971 282">
     <span class='ocr_line' id='line_1_1' title="bbox 412 224 1971 282; baseline 0 -1"><span class='ocrx_word' id='word_1_1' title='bbox 412 224 536 282; x_wconf 88' lang='lat'>114</span> <span class='ocrx_word' id='word_1_2' title='bbox 1097 239 1315 281; x_wconf 64' lang='lat' dir='ltr'>omno</span> <span class='ocrx_word' id='word_1_3' title='bbox 1359 241 1442 280; x_wconf 77' lang='lat' dir='ltr'>lv.</span> <span class='ocrx_word' id='word_1_4' title='bbox 1509 241 1578 280; x_wconf 78' lang='lat' dir='ltr'>m</span> <span class='ocrx_word' id='word_1_5' title='bbox 1622 239 1971 281; x_wconf 72' lang='lat' dir='ltr'>GA&#39;rmAM.</span> 
     </span>
    </p>
   </div>
   <div class='ocr_carea' id='block_1_2' title="bbox 2445 305 2595 313">
    <p class='ocr_par' dir='ltr' id='par_1_2' title="bbox 2445 305 2595 313">
     <span class='ocr_line' id='line_1_2' title="bbox 2445 305 2595 313; baseline 0 -3"><span class='ocrx_word' id='word_1_6' title='bbox 2445 305 2595 313; x_wconf 55' lang='grc'>’.-</span> 
     </span>
    </p>
   </div>
   <div class='ocr_carea' id='block_1_3' title="bbox 305 404 2603 1627">
    <p class='ocr_par' dir='ltr' id='par_1_3' title="bbox 305 404 2603 1627">
     <span class='ocr_line' id='line_1_3' title="bbox 407 404 2596 487; baseline -0.002 -17"><span class='ocrx_word' id='word_1_7' title='bbox 407 429 534 471; x_wconf 84' lang='lat' dir='ltr'>cam</span> <span class='ocrx_word' id='word_1_8' title='bbox 587 413 890 487; x_wconf 84' lang='lat' dir='ltr'>diligentia</span> <span class='ocrx_word' id='word_1_9' title='bbox 949 413 1094 471; x_wconf 89' lang='lat' dir='ltr'>nihil</span> <span class='ocrx_word' id='word_1_10' title='bbox 1141 430 1176 471; x_wconf 86' lang='lat' dir='ltr'>a</span> <span class='ocrx_word' id='word_1_11' title='bbox 1228 412 1420 480; x_wconf 80' lang='lat' dir='ltr'>vobis,</span> <span class='ocrx_word' id='word_1_12' title='bbox 1480 413 1590 471; x_wconf 90' lang='lat' dir='ltr'>nisi</span> <span class='ocrx_word' id='word_1_13' title='bbox 1635 413 1805 471; x_wconf 88' lang='lat' dir='ltr'>huius</span> <span class='ocrx_word' id='word_1_14' title='bbox 1850 414 2126 486; x_wconf 87' lang='lat' dir='ltr'>temporis</span> <span class='ocrx_word' id='word_1_15' title='bbox 2169 404 2455 484; x_wconf 87' lang='lat' dir='ltr'>totiusque</span> <span class='ocrx_word' id='word_1_16' title='bbox 2493 411 2596 468; x_wconf 89' lang='lat' dir='ltr'>mei</span> 
     </span>
     <span class='ocr_line' id='line_1_4' title="bbox 406 495 2599 581; baseline -0.001 -23"><span class='ocrx_word' id='word_1_17' title='bbox 406 502 737 559; x_wconf 85' lang='lat' dir='ltr'>consulatus</span> <span class='ocrx_word' id='word_1_18' title='bbox 791 501 1128 559; x_wconf 82' lang='lat' dir='ltr'>memoriam</span> <span class='ocrx_word' id='word_1_19' title='bbox 1185 502 1439 574; x_wconf 71' lang='lat' dir='ltr'>postulo,</span> <span class='ocrx_word' id='word_1_20' title='bbox 1502 517 1651 573; x_wconf 87' lang='lat' dir='ltr'>quae</span> <span class='ocrx_word' id='word_1_21' title='bbox 1715 501 1849 558; x_wconf 93' lang='lat' dir='ltr'>dum</span> <span class='ocrx_word' id='word_1_22' title='bbox 1906 501 2020 558; x_wconf 91' lang='lat' dir='ltr'>erit</span> <span class='ocrx_word' id='word_1_23' title='bbox 2073 501 2131 556; x_wconf 91' lang='lat' dir='ltr'>in</span> <span class='ocrx_word' id='word_1_24' title='bbox 2158 495 2209 578; x_wconf 87' lang='lat'>1)</span> <span class='ocrx_word' id='word_1_25' title='bbox 2257 499 2459 581; x_wconf 80' lang='lat' dir='ltr'>vestris</span> <span class='ocrx_word' id='word_1_26' title='bbox 2498 497 2599 555; x_wconf 79' lang='lat' dir='ltr'>fixa</span> 
     </span>
     <span class='ocr_line' id='line_1_5' title="bbox 404 586 2598 663; baseline -0.001 -17"><span class='ocrx_word' id='word_1_27' title='bbox 404 589 726 663; x_wconf 86' lang='lat' dir='ltr'>mentibus,</span> <span class='ocrx_word' id='word_1_28' title='bbox 785 589 1073 647; x_wconf 86' lang='lat' dir='ltr'>tutissimo</span> <span class='ocrx_word' id='word_1_29' title='bbox 1135 606 1226 647; x_wconf 92' lang='lat' dir='ltr'>me</span> <span class='ocrx_word' id='word_1_30' title='bbox 1285 606 1450 647; x_wconf 92' lang='lat' dir='ltr'>muro</span> <span class='ocrx_word' id='word_1_31' title='bbox 1509 594 1774 662; x_wconf 87' lang='lat' dir='ltr'>saeptum</span> <span class='ocrx_word' id='word_1_32' title='bbox 1834 605 1962 646; x_wconf 87' lang='lat' dir='ltr'>esse</span> <span class='ocrx_word' id='word_1_33' title='bbox 2020 587 2364 646; x_wconf 89' lang='lat' dir='ltr'>arbitrabor.</span> <span class='ocrx_word' id='word_1_34' title='bbox 2454 586 2598 658; x_wconf 79' lang='lat' dir='ltr'>Quod</span> 
     </span>
     <span class='ocr_line' id='line_1_6' title="bbox 406 674 2601 749; baseline -0 -16"><span class='ocrx_word' id='word_1_35' title='bbox 406 677 454 733; x_wconf 90' lang='lat' dir='ltr'>si</span> <span class='ocrx_word' id='word_1_36' title='bbox 499 693 687 734; x_wconf 89' lang='lat' dir='ltr'>meam</span> <span class='ocrx_word' id='word_1_37' title='bbox 734 694 898 749; x_wconf 91' lang='lat' dir='ltr'>spem</span> <span class='ocrx_word' id='word_1_38' title='bbox 941 678 1027 735; x_wconf 87' lang='lat' dir='ltr'>vis</span> <span class='ocrx_word' id='word_1_39' title='bbox 1072 677 1462 749; x_wconf 91' lang='lat' dir='ltr'>improborum</span> <span class='ocrx_word' id='word_1_40' title='bbox 1506 674 1786 735; x_wconf 76' lang='lat' dir='ltr'>fefellerit</span> <span class='ocrx_word' id='word_1_41' title='bbox 1830 681 2001 749; x_wconf 86' lang='lat' dir='ltr'>atque</span> <span class='ocrx_word' id='word_1_42' title='bbox 2050 677 2423 748; x_wconf 86' lang='lat' dir='ltr'>superaverit,</span> <span class='ocrx_word' id='word_1_43' title='bbox 2467 692 2601 733; x_wconf 83' lang='lat' dir='ltr'>com-</span> 
     </span>
     <span class='ocr_line' id='line_1_7' title="bbox 404 762 2599 839; baseline -0 -18"><span class='ocrx_word' id='word_1_44' title='bbox 404 764 615 822; x_wconf 91' lang='lat' dir='ltr'>mendo</span> <span class='ocrx_word' id='word_1_45' title='bbox 669 764 831 822; x_wconf 87' lang='lat' dir='ltr'>vobis</span> <span class='ocrx_word' id='word_1_46' title='bbox 876 776 1065 822; x_wconf 85' lang='lat' dir='ltr'>meum</span> <span class='ocrx_word' id='word_1_47' title='bbox 1106 781 1346 839; x_wconf 86' lang='lat' dir='ltr'>parvum</span> <span class='ocrx_word' id='word_1_48' title='bbox 1391 762 1569 822; x_wconf 88' lang='lat' dir='ltr'>filium</span> <span class='ocrx_word' id='word_1_49' title='bbox 1589 808 1605 837; x_wconf 92' lang='lat'>,</span> <span class='ocrx_word' id='word_1_50' title='bbox 1665 765 1756 821; x_wconf 85' lang='lat' dir='ltr'>cui</span> <span class='ocrx_word' id='word_1_51' title='bbox 1802 763 2062 837; x_wconf 85' lang='lat' dir='ltr'>profecto</span> <span class='ocrx_word' id='word_1_52' title='bbox 2107 764 2249 822; x_wconf 86' lang='lat' dir='ltr'>satis</span> <span class='ocrx_word' id='word_1_53' title='bbox 2298 765 2409 821; x_wconf 89' lang='lat' dir='ltr'>erit</span> <span class='ocrx_word' id='word_1_54' title='bbox 2451 779 2599 836; x_wconf 88' lang='lat' dir='ltr'>prae-</span> 
     </span>
     <span class='ocr_line' id='line_1_8' title="bbox 405 851 2599 926; baseline -0 -18"><span class='ocrx_word' id='word_1_55' title='bbox 405 852 538 909; x_wconf 91' lang='lat' dir='ltr'>sidii</span> <span class='ocrx_word' id='word_1_56' title='bbox 606 869 720 910; x_wconf 92' lang='lat' dir='ltr'>non</span> <span class='ocrx_word' id='word_1_57' title='bbox 787 853 970 910; x_wconf 89' lang='lat' dir='ltr'>solum</span> <span class='ocrx_word' id='word_1_58' title='bbox 1033 853 1108 910; x_wconf 86' lang='lat' dir='ltr'>ad</span> <span class='ocrx_word' id='word_1_59' title='bbox 1168 854 1447 926; x_wconf 86' lang='lat' dir='ltr'>salutem,</span> <span class='ocrx_word' id='word_1_60' title='bbox 1513 868 1713 910; x_wconf 87' lang='lat' dir='ltr'>verum</span> <span class='ocrx_word' id='word_1_61' title='bbox 1773 852 1951 909; x_wconf 89' lang='lat' dir='ltr'>etiam</span> <span class='ocrx_word' id='word_1_62' title='bbox 2010 851 2084 908; x_wconf 88' lang='lat' dir='ltr'>ad</span> <span class='ocrx_word' id='word_1_63' title='bbox 2134 852 2495 924; x_wconf 86' lang='lat' dir='ltr'>dignitatem,</span> <span class='ocrx_word' id='word_1_64' title='bbox 2560 853 2599 907; x_wconf 87' lang='lat' dir='ltr'>si</span> 
     </span>
     <span class='ocr_line' id='line_1_9' title="bbox 406 937 2600 1013; baseline -0 -17"><span class='ocrx_word' id='word_1_65' title='bbox 406 939 557 1009; x_wconf 89' lang='lat' dir='ltr'>eius,</span> <span class='ocrx_word' id='word_1_66' title='bbox 603 940 700 1011; x_wconf 91' lang='lat' dir='ltr'>qui</span> <span class='ocrx_word' id='word_1_67' title='bbox 744 940 888 998; x_wconf 85' lang='lat' dir='ltr'>haec</span> <span class='ocrx_word' id='word_1_68' title='bbox 935 941 1126 998; x_wconf 84' lang='lat' dir='ltr'>omnia</span> <span class='ocrx_word' id='word_1_69' title='bbox 1169 957 1272 998; x_wconf 87' lang='lat' dir='ltr'>suo</span> <span class='ocrx_word' id='word_1_70' title='bbox 1305 941 1482 998; x_wconf 85' lang='lat' dir='ltr'>solius</span> <span class='ocrx_word' id='word_1_71' title='bbox 1512 940 1770 1011; x_wconf 87' lang='lat' dir='ltr'>periculo</span> <span class='ocrx_word' id='word_1_72' title='bbox 1802 940 2186 1013; x_wconf 83' lang='lat' dir='ltr'>conservarit,</span> <span class='ocrx_word' id='word_1_73' title='bbox 2231 939 2394 997; x_wconf 89' lang='lat' dir='ltr'>illum</span> <span class='ocrx_word' id='word_1_74' title='bbox 2442 937 2600 996; x_wconf 91' lang='lat' dir='ltr'>filium</span> 
     </span>
     <span class='ocr_line' id='line_1_10' title="bbox 305 1026 2600 1101; baseline 0.001 -19"><span class='ocrx_word' id='word_1_75' title='bbox 305 1026 388 1082; x_wconf 86' lang='lat'>24</span> <span class='ocrx_word' id='word_1_76' title='bbox 407 1043 536 1085; x_wconf 91' lang='lat' dir='ltr'>esse</span> <span class='ocrx_word' id='word_1_77' title='bbox 595 1027 990 1087; x_wconf 81' lang='lat' dir='ltr'>memineritis,</span> <span class='ocrx_word' id='word_1_78' title='bbox 1099 1028 1467 1101; x_wconf 78' lang='lat' dir='ltr'>Quapropter</span> <span class='ocrx_word' id='word_1_79' title='bbox 1533 1026 1605 1085; x_wconf 90' lang='lat' dir='ltr'>de</span> <span class='ocrx_word' id='word_1_80' title='bbox 1670 1042 1889 1085; x_wconf 86' lang='lat' dir='ltr'>summa</span> <span class='ocrx_word' id='word_1_81' title='bbox 1950 1029 2135 1085; x_wconf 88' lang='lat' dir='ltr'>salute</span> <span class='ocrx_word' id='word_1_82' title='bbox 2190 1033 2385 1086; x_wconf 89' lang='lat' dir='ltr'>vestra</span> <span class='ocrx_word' id='word_1_83' title='bbox 2439 1044 2600 1100; x_wconf 91' lang='lat' dir='ltr'>popu-</span> 
     </span>
     <span class='ocr_line' id='line_1_11' title="bbox 405 1114 2600 1189; baseline 0 -18"><span class='ocrx_word' id='word_1_84' title='bbox 405 1115 561 1188; x_wconf 91' lang='lat' dir='ltr'>lique</span> <span class='ocrx_word' id='word_1_85' title='bbox 605 1115 880 1189; x_wconf 89' lang='lat' dir='ltr'>Romani,</span> <span class='ocrx_word' id='word_1_86' title='bbox 926 1115 999 1172; x_wconf 90' lang='lat' dir='ltr'>de</span> <span class='ocrx_word' id='word_1_87' title='bbox 1045 1116 1254 1173; x_wconf 90' lang='lat' dir='ltr'>vestris</span> <span class='ocrx_word' id='word_1_88' title='bbox 1295 1114 1638 1186; x_wconf 84' lang='lat' dir='ltr'>coniugibus</span> <span class='ocrx_word' id='word_1_89' title='bbox 1676 1131 1745 1172; x_wconf 88' lang='lat' dir='ltr'>ac</span> <span class='ocrx_word' id='word_1_90' title='bbox 1791 1115 1991 1173; x_wconf 89' lang='lat' dir='ltr'>liberis</span> <span class='ocrx_word' id='word_1_91' title='bbox 2012 1160 2027 1187; x_wconf 95' lang='lat'>,</span> <span class='ocrx_word' id='word_1_92' title='bbox 2073 1114 2145 1171; x_wconf 92' lang='lat' dir='ltr'>de</span> <span class='ocrx_word' id='word_1_93' title='bbox 2193 1116 2310 1172; x_wconf 90' lang='lat' dir='ltr'>aris</span> <span class='ocrx_word' id='word_1_94' title='bbox 2350 1132 2419 1172; x_wconf 84' lang='lat' dir='ltr'>ae</span> <span class='ocrx_word' id='word_1_95' title='bbox 2457 1114 2600 1187; x_wconf 74' lang='lat' dir='ltr'>fociS,</span> 
     </span>
     <span class='ocr_line' id='line_1_12' title="bbox 406 1200 2603 1278; baseline 0 -20"><span class='ocrx_word' id='word_1_96' title='bbox 406 1201 480 1258; x_wconf 91' lang='lat' dir='ltr'>de</span> <span class='ocrx_word' id='word_1_97' title='bbox 518 1200 671 1260; x_wconf 86' lang='lat' dir='ltr'>fanis</span> <span class='ocrx_word' id='word_1_98' title='bbox 713 1218 780 1260; x_wconf 85' lang='lat' dir='ltr'>ac</span> <span class='ocrx_word' id='word_1_99' title='bbox 826 1204 1057 1276; x_wconf 86' lang='lat' dir='ltr'>templis</span> <span class='ocrx_word' id='word_1_100' title='bbox 1079 1247 1094 1276; x_wconf 92' lang='lat'>,</span> <span class='ocrx_word' id='word_1_101' title='bbox 1150 1203 1222 1261; x_wconf 93' lang='lat' dir='ltr'>de</span> <span class='ocrx_word' id='word_1_102' title='bbox 1268 1205 1444 1261; x_wconf 87' lang='lat' dir='ltr'>totius</span> <span class='ocrx_word' id='word_1_103' title='bbox 1490 1201 1649 1260; x_wconf 89' lang='lat' dir='ltr'>urbis</span> <span class='ocrx_word' id='word_1_104' title='bbox 1693 1204 1864 1260; x_wconf 84' lang='lat' dir='ltr'>tectis</span> <span class='ocrx_word' id='word_1_105' title='bbox 1912 1219 1979 1260; x_wconf 85' lang='lat' dir='ltr'>ac</span> <span class='ocrx_word' id='word_1_106' title='bbox 2020 1203 2281 1278; x_wconf 80' lang='lat' dir='ltr'>sedibuS,</span> <span class='ocrx_word' id='word_1_107' title='bbox 2329 1203 2401 1260; x_wconf 92' lang='lat' dir='ltr'>de</span> <span class='ocrx_word' id='word_1_108' title='bbox 2442 1204 2603 1275; x_wconf 88' lang='lat' dir='ltr'>impe·</span> 
     </span>
     <span class='ocr_line' id='line_1_13' title="bbox 406 1289 2603 1365; baseline -0.001 -18"><span class='ocrx_word' id='word_1_109' title='bbox 406 1290 493 1347; x_wconf 90' lang='lat' dir='ltr'>rio</span> <span class='ocrx_word' id='word_1_110' title='bbox 560 1306 629 1347; x_wconf 85' lang='lat' dir='ltr'>ac</span> <span class='ocrx_word' id='word_1_111' title='bbox 701 1290 1004 1365; x_wconf 88' lang='lat' dir='ltr'>libertate,</span> <span class='ocrx_word' id='word_1_112' title='bbox 1072 1289 1145 1347; x_wconf 92' lang='lat' dir='ltr'>de</span> <span class='ocrx_word' id='word_1_113' title='bbox 1214 1291 1401 1349; x_wconf 89' lang='lat' dir='ltr'>salute</span> <span class='ocrx_word' id='word_1_114' title='bbox 1470 1289 1677 1348; x_wconf 88' lang='lat' dir='ltr'>Italiae</span> <span class='ocrx_word' id='word_1_115' title='bbox 1696 1335 1711 1364; x_wconf 92' lang='lat'>,</span> <span class='ocrx_word' id='word_1_116' title='bbox 1790 1291 1862 1348; x_wconf 90' lang='lat' dir='ltr'>de</span> <span class='ocrx_word' id='word_1_117' title='bbox 1920 1291 2193 1348; x_wconf 88' lang='lat' dir='ltr'>universa</span> <span class='ocrx_word' id='word_1_118' title='bbox 2258 1308 2325 1349; x_wconf 90' lang='lat' dir='ltr'>re</span> <span class='ocrx_word' id='word_1_119' title='bbox 2394 1292 2603 1363; x_wconf 82' lang='lat' dir='ltr'>publica</span> 
     </span>
     <span class='ocr_line' id='line_1_14' title="bbox 407 1376 2600 1458; baseline 0 -24"><span class='ocrx_word' id='word_1_120' title='bbox 407 1376 706 1435; x_wconf 85' lang='lat' dir='ltr'>decernite</span> <span class='ocrx_word' id='word_1_121' title='bbox 763 1377 1104 1458; x_wconf 76' lang='lat' dir='ltr'>diligenter,</span> <span class='ocrx_word' id='word_1_122' title='bbox 1168 1385 1234 1436; x_wconf 94' lang='lat' dir='ltr'>ut</span> <span class='ocrx_word' id='word_1_123' title='bbox 1289 1378 1649 1452; x_wconf 69' lang='lat' dir='ltr'>instituistis»,</span> <span class='ocrx_word' id='word_1_124' title='bbox 1721 1393 1790 1435; x_wconf 84' lang='lat' dir='ltr'>ac</span> <span class='ocrx_word' id='word_1_125' title='bbox 1846 1378 2092 1436; x_wconf 85' lang='lat' dir='ltr'>fortiter.</span> <span class='ocrx_word' id='word_1_126' title='bbox 2183 1378 2430 1437; x_wconf 92' lang='lat' dir='ltr'>Habetis</span> <span class='ocrx_word' id='word_1_127' title='bbox 2489 1395 2600 1436; x_wconf 90' lang='lat' dir='ltr'>eum</span> 
     </span>
     <span class='ocr_line' id='line_1_15' title="bbox 406 1465 2602 1540; baseline 0 -18"><span class='ocrx_word' id='word_1_128' title='bbox 406 1466 724 1538; x_wconf 82' lang='lat' dir='ltr'>consulem,</span> <span class='ocrx_word' id='word_1_129' title='bbox 775 1465 872 1537; x_wconf 89' lang='lat' dir='ltr'>qui</span> <span class='ocrx_word' id='word_1_130' title='bbox 918 1471 978 1523; x_wconf 91' lang='lat' dir='ltr'>et</span> <span class='ocrx_word' id='word_1_131' title='bbox 1022 1482 1232 1539; x_wconf 87' lang='lat' dir='ltr'>parere</span> <span class='ocrx_word' id='word_1_132' title='bbox 1279 1466 1486 1525; x_wconf 88' lang='lat' dir='ltr'>vestris</span> <span class='ocrx_word' id='word_1_133' title='bbox 1533 1465 1808 1524; x_wconf 27' lang='lat' dir='ltr'>decretis*</span> <span class='ocrx_word' id='word_1_134' title='bbox 1828 1482 1942 1523; x_wconf 90' lang='lat' dir='ltr'>non</span> <span class='ocrx_word' id='word_1_135' title='bbox 1980 1465 2204 1523; x_wconf 88' lang='lat' dir='ltr'>dubitet</span> <span class='ocrx_word' id='word_1_136' title='bbox 2237 1472 2297 1525; x_wconf 92' lang='lat' dir='ltr'>et</span> <span class='ocrx_word' id='word_1_137' title='bbox 2329 1483 2430 1540; x_wconf 88' lang='lat' dir='ltr'>ea,</span> <span class='ocrx_word' id='word_1_138' title='bbox 2471 1482 2602 1539; x_wconf 83' lang='lat' dir='ltr'>quae</span> 
     </span>
     <span class='ocr_line' id='line_1_16' title="bbox 405 1551 2601 1627; baseline 0 -18"><span class='ocrx_word' id='word_1_139' title='bbox 405 1553 753 1625; x_wconf 84' lang='lat' dir='ltr'>statueritiS,</span> <span class='ocrx_word' id='word_1_140' title='bbox 817 1552 1005 1626; x_wconf 88' lang='lat' dir='ltr'>quoad</span> <span class='ocrx_word' id='word_1_141' title='bbox 1062 1554 1248 1627; x_wconf 87' lang='lat' dir='ltr'>vivet,</span> <span class='ocrx_word' id='word_1_142' title='bbox 1311 1551 1631 1613; x_wconf 89' lang='lat' dir='ltr'>defendere</span> <span class='ocrx_word' id='word_1_143' title='bbox 1693 1558 1753 1611; x_wconf 89' lang='lat' dir='ltr'>et</span> <span class='ocrx_word' id='word_1_144' title='bbox 1810 1571 1916 1627; x_wconf 90' lang='lat' dir='ltr'>per</span> <span class='ocrx_word' id='word_1_145' title='bbox 1973 1571 2036 1612; x_wconf 89' lang='lat' dir='ltr'>se</span> <span class='ocrx_word' id='word_1_146' title='bbox 2084 1554 2272 1626; x_wconf 91' lang='lat' dir='ltr'>ipsum</span> <span class='ocrx_word' id='word_1_147' title='bbox 2318 1560 2601 1626; x_wconf 85' lang='lat' dir='ltr'>praestare</span> 
     </span>
    </p>
   </div>
   <div class='ocr_carea' id='block_1_4' title="bbox 409 1636 724 1720">
    <p class='ocr_par' dir='ltr' id='par_1_4' title="bbox 409 1636 724 1720">
     <span class='ocr_line' id='line_1_17' title="bbox 409 1636 724 1720; baseline 0.019 -6"><span class='ocrx_word' id='word_1_148' title='bbox 409 1637 630 1716; x_wconf 79' lang='lat' dir='ltr'>[possit]</span> <span class='ocrx_word' id='word_1_149' title='bbox 653 1636 724 1720; x_wconf 78' lang='lat'>²)-</span> 
     </span>
    </p>
   </div>
   <div class='ocr_carea' id='block_1_5' title="bbox 411 1777 820 1784">
    <p class='ocr_par' dir='ltr' id='par_1_5' title="bbox 411 1777 820 1784">
     <span class='ocr_line' id='line_1_18' title="bbox 411 1777 820 1784; baseline 0 2570"><span class='ocrx_word' id='word_1_150' title='bbox 411 1777 820 1784; x_wconf 95' lang='lat' dir='ltr'> </span> 
     </span>
    </p>
   </div>
   <div class='ocr_carea' id='block_1_6' title="bbox 401 1839 2603 1981">
    <p class='ocr_par' dir='ltr' id='par_1_6' title="bbox 401 1839 2603 1981">
     <span class='ocr_line' id='line_1_19' title="bbox 581 1839 2603 1910; baseline -0.002 -17"><span class='ocrx_word' id='word_1_151' title='bbox 581 1842 635 1910; x_wconf 89' lang='grc'>1)</span> <span class='ocrx_word' id='word_1_152' title='bbox 671 1841 1133 1909; x_wconf 86' lang='lat' dir='ltr'>Praepositionem</span> <span class='ocrx_word' id='word_1_153' title='bbox 1169 1842 1379 1908; x_wconf 85' lang='lat' dir='ltr'>Kayser</span> <span class='ocrx_word' id='word_1_154' title='bbox 1416 1859 1534 1895; x_wconf 84' lang='lat' dir='ltr'>cum</span> <span class='ocrx_word' id='word_1_155' title='bbox 1570 1859 1673 1895; x_wconf 92' lang='lat' dir='ltr'>non</span> <span class='ocrx_word' id='word_1_156' title='bbox 1711 1842 1871 1895; x_wconf 86' lang='lat' dir='ltr'>nullis</span> <span class='ocrx_word' id='word_1_157' title='bbox 1907 1839 2060 1893; x_wconf 79' lang='lat' dir='ltr'>codd.</span> <span class='ocrx_word' id='word_1_158' title='bbox 2099 1858 2196 1895; x_wconf 90' lang='lat' dir='ltr'>om.</span> <span class='ocrx_word' id='word_1_159' title='bbox 2365 1841 2420 1909; x_wconf 82' lang='lat'>2)</span> <span class='ocrx_word' id='word_1_160' title='bbox 2448 1839 2603 1908; x_wconf 70' lang='lat' dir='ltr'>possit</span> 
     </span>
     <span class='ocr_line' id='line_1_20' title="bbox 401 1911 2222 1981; baseline -0.001 -17"><span class='ocrx_word' id='word_1_161' title='bbox 401 1911 755 1965; x_wconf 84' lang='lat' dir='ltr'>omittendum</span> <span class='ocrx_word' id='word_1_162' title='bbox 791 1928 905 1964; x_wconf 91' lang='lat' dir='ltr'>esse</span> <span class='ocrx_word' id='word_1_163' title='bbox 940 1913 1149 1965; x_wconf 84' lang='lat' dir='ltr'>censuit</span> <span class='ocrx_word' id='word_1_164' title='bbox 1183 1912 1424 1981; x_wconf 87' lang='lat' dir='ltr'>Madvig,</span> <span class='ocrx_word' id='word_1_165' title='bbox 1463 1913 1610 1981; x_wconf 89' lang='lat' dir='ltr'>prob.</span> <span class='ocrx_word' id='word_1_166' title='bbox 1649 1914 1810 1965; x_wconf 87' lang='lat' dir='ltr'>Halm</span> <span class='ocrx_word' id='word_1_167' title='bbox 1846 1915 1901 1966; x_wconf 89' lang='lat' dir='ltr'>et</span> <span class='ocrx_word' id='word_1_168' title='bbox 1935 1911 2222 1964; x_wconf 82' lang='lat' dir='ltr'>Eberhard.</span> 
     </span>
    </p>
   </div>
  </div>
 </body>
</html>
