2669 4354
381 296 396 309 ,
423 243 547 299 308
1182 260 1464 301 AccvsAzr.
1508 262 1574 301 m
1588 261 1868 333 VERREM

419 441 508 491 est
559 432 724 489 huius
776 434 1116 505 praeclarae
1164 435 1604 504 existimationis
1623 477 1638 505 ,
1704 438 1768 490 ut
1826 438 2061 505 putetur
2124 433 2187 490 in
2244 432 2397 489 hisce
2448 431 2597 488 rebus

415 520 765 594 intellegens
832 536 990 593 esse,
1066 525 1130 577 ut
1196 538 1387 594 nuper
1445 553 1526 561 -
1582 521 1774 579 videte
1843 521 2091 578 hominis
2167 520 2470 578 amentiam
2532 551 2588 559 -

415 613 617 681 postea
662 624 831 680 quam
878 614 965 666 est
1001 608 1571 681 comperendinatuS,
1634 594 1790 666 cum'
1810 609 1927 665 iam
1988 625 2094 681 pro
2153 608 2420 665 damnato
2475 623 2600 663 mor-

413 703 630 769 ¹tuoque
678 702 863 768 esset,
922 695 1071 753 ludis
1120 695 1486 755 Circensibus
1533 713 1702 754 mane
1752 696 1905 769 apud
1943 696 2007 753 L.
2054 694 2386 768 Sisennam,
2442 696 2599 752 virum

419 784 785 857 primarium,
847 800 976 840 cum
1034 790 1232 842 essent
1287 785 1542 842 triclinia
1602 789 1786 841 strata
1843 789 2255 858 argentumque
2319 784 2598 856 expositum

418 871 481 929 in
503 869 797 943 aedibus,
863 887 992 928 cum
1040 888 1145 943 pro
1191 871 1474 946 dignitate
1534 872 1600 932 L.
1648 872 1927 930 Sisennae
1986 871 2184 930 domus
2249 878 2402 930 esset
2456 870 2600 944 plena

417 960 709 1017 hominum
755 958 1312 1017 honestissimorum:
1377 960 1623 1018 accessit
1649 952 1702 1038 ¹)
1747 959 1821 1015 ad
1867 964 2208 1033 argentum,
2258 958 2599 1032 contemplari
2648 994 2649 1027 ;

417 1065 592 1105 unum
640 1045 889 1118 quidque
949 1047 1130 1105 otiose
1190 1052 1248 1106 et
1307 1048 1677 1106 considerare
1735 1048 1941 1119 coepit.
2064 1048 2268 1105 Mirari
2331 1047 2601 1106 stultitiam

419 1135 549 1209 alii,
628 1132 777 1206 quod
827 1135 887 1191 in
931 1135 1059 1207 ipso
1105 1134 1318 1193 iudicio
1346 1130 1400 1214 ²)
1450 1135 1572 1193 eius
1616 1135 1797 1208 ipsius
1845 1135 2202 1207 cupiditatiS,
2279 1137 2438 1194 cuius
2490 1135 2603 1191 insi·
2648 1136 2649 1207 ζ

417 1225 764 1294 mularetur,
809 1208 1190 1294 suspissionem
1236 1229 1513 1297 augeret,
1561 1223 1659 1280 alii
1705 1224 2047 1297 amentiam,
2094 1224 2190 1281 cui
2236 1221 2604 1297 comperendi-
2648 1214 2649 1289 ξ

417 1316 572 1384 nat0,
619 1327 748 1367 cum
792 1315 910 1367 tam
957 1310 1121 1367 multi
1165 1316 1348 1369 testes
1393 1311 1697 1383 dixissent,
1744 1311 2047 1383 quicquam
2080 1312 2311 1369 illorum
2347 1305 2604 1385 veniret³)
2648 1294 2649 1363 l

416 1400 477 1456 in
530 1404 799 1456 mentem.
888 1398 1063 1455 Pueri
1111 1404 1303 1456 autem
1352 1398 1663 1472 Sisennae,
1725 1398 1897 1457 credo
1945 1400 2040 1471 qui
2086 1399 2419 1474 audissent,
2483 1414 2602 1471 quae
2648 1406 2649 1411 ’

417 1487 480 1543 in
516 1485 696 1543 istum
742 1485 1074 1543 testimonia
1119 1493 1312 1545 essent
1353 1486 1525 1561 dicta,
1566 1487 1762 1545 oculos
1800 1485 1871 1543 de
1917 1488 2027 1544 isto
2072 1503 2358 1560 nusquam
2405 1487 2604 1545 deicere
2648 1494 2649 1541 1

316 1577 399 1634 34
416 1588 607 1646 neque
667 1574 739 1631 ab
795 1579 1037 1645 argento
1082 1573 1325 1647 digitum
1376 1574 1694 1632 discedere.
1815 1575 1923 1632 Est
1978 1575 2115 1633 boni
2175 1575 2387 1634 iudicis
2442 1574 2603 1649 pafvis

420 1680 491 1721 ex
536 1661 708 1720 rebus
753 1662 1145 1719 coniecturam
1199 1661 1397 1720 facere
1450 1663 1616 1720 unius
1668 1662 1942 1734 cuiusque
1990 1669 2051 1721 et
2070 1657 2126 1743 ⁴²)
2187 1664 2513 1737 cupiditatis
2561 1667 2606 1718 et
2648 1654 2649 1657 ’

418 1750 828 1808 continentiae.
948 1748 1054 1819 Qui
1107 1766 1243 1807 reus
1306 1756 1367 1808 et
1424 1768 1556 1808 reus
1613 1751 1744 1824 lege
1793 1750 2374 1825 comperendinatus,
2448 1767 2508 1808 re
2560 1756 2605 1807 et

418 1837 685 1913 opinione
742 1836 1033 1894 hominum
1092 1853 1281 1910 paene
1338 1826 1670 1908 damnatuS,
1742 1843 2069 1910 temperare
2097 1831 2149 1916 5)
2209 1855 2323 1896 non
2384 1839 2603 1911 potuerit

416 1926 664 1983 maximo
710 1931 1024 1997 conventU,
1082 1926 1218 1997 quin
1263 1925 1329 1983 L.
1378 1925 1657 1984 Sisennae
1704 1931 2008 1998 argentum
2051 1932 2337 1984 tractaret
2387 1933 2446 1985 et
2497 1943 2604 1984 con-

418 2014 730 2086 sideraret,
775 2013 929 2070 hunc
973 2018 1305 2085 praetorem
1351 2014 1412 2070 in
1451 2013 1747 2085 provincia
1793 2015 2095 2086 quisquam
2140 2015 2372 2086 putabit
2417 2032 2452 2073 a
2475 2014 2606 2072 Sicu·

417 2102 603 2159 lorum
648 2106 890 2173 argento
936 2100 1309 2172 cupiditatem
1355 2107 1456 2159 aut
1502 2118 1704 2159 manus
1751 2101 2045 2160 abstinere
2090 2102 2343 2173 potuisse
2362 2105 2392 2159 *Ρ

312 2186 401 2253 16
601 2189 813 2248 Verum
865 2190 946 2246 uti
991 2189 1326 2263 Lilybaeum
1345 2234 1360 2262 ,
1423 2189 1573 2247 unde
1631 2189 1893 2263 digressa
1952 2196 2067 2264 est,
2129 2191 2314 2250 oratio
2381 2196 2606 2251 reverta·
2650 2197 2651 2262 g

319 2280 400 2340 35
421 2284 517 2335 tur
540 2270 621 2355 ⁶),
673 2277 905 2335 Diocles
957 2283 1073 2350 est,
1095 2277 1416 2350 ‚Pamphili
1473 2295 1680 2359 gener,
1739 2277 1893 2336 illius
1943 2295 1978 2335 a
2024 2295 2133 2351 quo
2178 2278 2391 2352 hydria
2445 2279 2607 2337 ablata
2650 2287 2651 2328 ἒ

424 2369 541 2437 est,
600 2364 857 2437 Popilius
903 2366 1257 2438 cognomine.
1361 2364 1451 2422 Ab
1511 2366 1621 2423 hoc
1665 2361 1834 2425 abaci
1879 2383 2016 2424 vasa
2062 2367 2283 2439 omnia,
2353 2374 2419 2425 ut
2463 2382 2607 2439 expo·
2650 2385 2651 2426 ς

422 2452 536 2510 sita
579 2450 848 2524 fuerunt,
910 2453 1164 2511 abstulit.
1254 2453 1428 2511 Dicat
1473 2470 1534 2511 se
1593 2454 1730 2511 licet
1784 2453 2025 2527 emisse,
2085 2455 2300 2513 etenim
2358 2456 2450 2513 hic
2504 2468 2608 2527 pro-
2650 2481 2651 2488 .

420 2545 553 2614 pter
596 2540 1052 2614 magnitudinem
1097 2540 1236 2598 furti
1283 2547 1444 2614 sunt,
1490 2545 1555 2598 ut
1599 2542 1827 2614 opinor,
1869 2542 2102 2600 litterae
2147 2540 2362 2601 factae.
2467 2541 2606 2601 Iussit

421 2627 845 2686 Timarchidem
907 2628 1215 2686 aestimare
1286 2634 1620 2701 argentum,
1717 2646 1829 2702 quo
1894 2629 2061 2688 modo
2122 2632 2218 2702 qui
2246 2624 2300 2710 7)
2368 2644 2609 2703 umquam

419 2716 755 2774 tenuissime
803 2717 878 2790 in
935 2716 1305 2775 donationem
1351 2717 1693 2775 histrionum
1755 2718 2098 2776 aestimavit.
2219 2718 2473 2777 Tametsi
2517 2718 2608 2773 iam
2650 2713 2651 2720 ’

418 2803 634 2861 dudum
705 2820 812 2878 ego
870 2820 1028 2877 err0,
1109 2805 1205 2876 qui
1267 2811 1387 2861 tam
1447 2805 1629 2862 multa
1692 2805 1763 2863 de
1835 2806 1950 2863 tuis
2015 2806 2399 2877 emptionibus
2458 2805 2610 2864 verba

417 2890 627 2949 faciam
674 2897 735 2951 et
778 2908 1082 2965 quaeram,
1127 2898 1322 2950 utrum
1371 2892 1583 2950 emeris
1626 2910 1840 2965 necne,
1889 2900 1950 2951 et
1976 2911 2086 2965 quo
2123 2895 2296 2953 modo
2332 2903 2394 2953 et
2437 2892 2612 2967 quanti

420 2980 664 3054 emeris,
736 2979 883 3052 quod
943 2979 1119 3037 Verbo
1180 2980 1506 3053 transigere
1573 2997 1820 3053 possum.
1944 2981 2071 3039 Ede
2136 2982 2271 3039 mihi
2345 2984 2611 3055 scriptum,

419 3067 556 3141 quid
609 3070 837 3142 argenti
863 3063 915 3146 ⁸)
978 3068 1039 3125 in
1096 3068 1393 3139 provincia
1453 3067 1649 3126 Sicilia
1708 3069 1960 3142 pararis„
2020 3069 2173 3128 unde
2231 3071 2475 3143 quidque
2533 3073 2615 3126 aut

560 3307 612 3372 1)
653 3305 743 3359 Sic
781 3301 1104 3360 recentiores
1149 3302 1277 3356 edit.
1328 3302 1613 3356 secundum
1652 3303 1804 3358 codd.
1857 3307 1998 3373 opt.;
2048 3306 2214 3358 ceteri
2254 3304 2526 3358 accesserit
2557 3332 2613 3340 -

417 3375 665 3443 coeperit.
810 3375 864 3445 2)
901 3374 1078 3428 Verba
1114 3373 1177 3439 in
1212 3374 1330 3440 ipso
1365 3372 1574 3426 iudicio
1611 3390 1727 3426 unc.
1767 3375 1893 3427 incl.
1932 3375 2157 3441 Kayser.
2303 3377 2356 3442 3)
2394 3376 2475 3429 Sic
2511 3371 2610 3425 cod.

415 3447 581 3514 Reg.;
620 3446 817 3515 Zumpt
862 3463 923 3499 ex
962 3444 1137 3499 Guelf.
1174 3444 1418 3496 venisset.
1571 3445 1626 3510 4)
1665 3450 1715 3497 et
1752 3460 1850 3498 om.
1890 3444 2022 3512 Reg.
2061 3448 2116 3498 et
2152 3444 2361 3509 Guelf.;
2396 3443 2609 3508 Madvig.

416 3516 626 3584 Kayser
661 3515 983 3583 cupiditatis
1032 3521 1083 3567 et
1133 3514 1286 3568 uncis
1338 3514 1464 3567 incl.
1644 3514 1698 3581 5)
1748 3515 2038 3568 Lambinus
2084 3514 2192 3568 sibi
2239 3521 2522 3584 temperare
2555 3511 2610 3563 de

418 3587 743 3640 coniectura.
889 3587 944 3652 6)
981 3590 1288 3638 revertatur
1322 3584 1486 3636 Halm
1533 3600 1652 3637 cum
1692 3584 1824 3639 dett.
1864 3585 2043 3649 codd.;
2081 3586 2218 3654 Reg.
2255 3590 2608 3644 revertantur,-

418 3656 517 3709 alii
556 3671 618 3708 ex
656 3655 793 3709 Gud.
832 3662 1188 3709 revertamur.
1334 3657 1388 3721 7)
1431 3654 1518 3707 Sic
1552 3655 1714 3707 Halm
1765 3671 1826 3707 ex
1867 3656 2046 3719 codd.;
2087 3657 2247 3722 vulgo
2289 3657 2405 3725 Quo
2441 3648 2609 3708 modo?

419 3741 526 3792 quo
564 3725 674 3792 qui.
849 3726 906 3792 8)
946 3726 1160 3793 amenti
1195 3742 1313 3778 unc.
1352 3725 1476 3777 incl.
1515 3725 1706 3786 Halm,
1754 3726 1879 3793 quia
1917 3742 2017 3779 vox
2061 3727 2119 3779 in
2169 3725 2609 3794 praestantissimo

421 3795 948 3917 1¹⁸8⁰3¹¹⁹⁴fsugf³t⁰⁸²⁰³
1000 3797 1056 3849 in
1096 3799 1204 3863 opt.
1246 3795 1588 3849 coddaetotus
1626 3794 1716 3848 hic
1753 3797 1902 3849 locus
1940 3796 2083 3863 quod
2118 3797 2296 3857 verbis
2335 3831 2402 3838 —
2436 3791 2610 3864 quanti

422 3880 612 3917 emeris
649 3880 762 3917 exc1
800 3881 817 3916 1
852 3907 861 3916 .
893 3899 898 3903 -
