2669 4354
418 212 544 271 184
1410 231 1628 273 omino

416 409 507 462 est
545 403 608 461 in
651 421 777 477 me3
837 421 1022 477 nuper
1066 404 1324 480 quidem,
1384 412 1450 464 ut
1493 406 1653 464 scitis
1671 450 1687 479 ,
1743 422 1835 463 me
1881 405 1957 463 ad
1996 406 2223 480 regiam
2265 421 2449 477 paene
2495 422 2614 463 con·

311 497 392 556 38
412 490 570 550 fecit.
661 491 812 563 Quid
872 493 1058 550 simile
1107 493 1388 552 Milonis?
1450 495 1612 553 cuius
1672 494 1759 552 vis
1819 495 2000 552 omnis
2037 494 2183 552 haec
2231 510 2460 566 semper
2501 491 2610 566 fuit,

412 595 486 638 ne
533 580 596 637 P.
644 577 907 654 Clodius,
965 597 1094 638 cum
1137 582 1199 640 in
1238 581 1519 640 iudicium
1565 581 1796 640 detrahi
1841 599 1956 640 non
2001 586 2229 656 posset,
2287 582 2349 639 vi
2395 596 2612 654 oppres-

411 683 535 727 sam
581 668 876 727 civitatem
922 674 1169 727 teneret.
1261 669 1448 740 Quem
1511 670 1562 728 si
1621 667 1952 728 interficere
2013 670 2319 742 voluisset,
2381 675 2612 742 quantae

413 757 678 828 quotiens
737 757 1106 830 occasiones,
1166 773 1338 830 quam
1397 757 1737 831 praeclarae
1783 756 2050 815 fuerunt!
2138 757 2410 815 Potuitne
2428 802 2443 828 ,
2504 773 2612 815 cum

412 842 642 902 domum
706 860 776 901 ac
832 843 971 903 deos
1030 850 1273 917 penates
1334 862 1465 904 suos
1506 845 1608 903 illo
1654 851 2026 918 oppugnante
2073 843 2447 919 defenderet,
2504 845 2613 902 iure

413 947 476 990 se
541 931 787 990 ulcisci?
845 932 1110 1005 potuitne
1179 933 1289 990 civi
1347 934 1581 1006 egregio
1647 938 1708 992 et
1763 933 1885 991 viro
1930 933 2270 1006 fortissime,
2316 933 2378 991 P.
2428 932 2613 1004 Sesti0,

414 1020 656 1092 conlega
722 1036 852 1092 suo,
931 1020 1273 1078 volnerato‘?
1350 1022 1616 1094 potuitne
1634 1066 1650 1095 ,
1738 1021 1802 1091 Q.
1846 1020 2117 1079 Fabricio
2134 1066 2150 1095 ,
2216 1021 2343 1080 viro
2404 1021 2615 1093 optimo,
2659 1024 2660 1051 ³

416 1122 546 1164 cum
608 1106 682 1165 de
750 1108 942 1166 reditu
1002 1124 1131 1166 meo
1176 1107 1369 1181 legem
1430 1107 1642 1183 ferret,
1707 1109 1896 1182 pulso,
1966 1109 2366 1167 crudelissima
2411 1111 2473 1167 in
2513 1108 2615 1166 foro

415 1193 598 1252 caede
657 1192 857 1253 facta?
909 1197 1171 1268 potuitne
1227 1195 1294 1253 L.
1337 1195 1606 1270 Caecilii,
1668 1195 1963 1254 iustissimi
2008 1195 2423 1274 fortissimique
2469 1213 2616 1270 prae·

413 1282 556 1340 toris
573 1326 589 1355 ,
634 1289 968 1356 oppugnata
1020 1282 1234 1342 domo‘?
1288 1285 1553 1357 potuitne
1608 1284 1710 1342 illo
1755 1284 1849 1343 die
1866 1330 1883 1357 ,
1943 1301 2071 1342 cum
2132 1291 2223 1342 est
2261 1286 2387 1342 lata
2426 1287 2518 1342 lex
2558 1283 2614 1341 de
2659 1286 2660 1295 ’

413 1385 508 1427 me
524 1413 540 1442 ,
606 1385 735 1427 cum
795 1371 970 1428 totius
1028 1372 1236 1429 Italiae
1284 1388 1623 1445 concursus,
1691 1389 1862 1445 quem
1919 1387 2052 1429 mea
2097 1372 2254 1430 salus
2298 1374 2615 1443 concitarat,
2659 1380 2660 1395 ¹

415 1457 554 1515 facti
600 1458 756 1516 illius
785 1459 1028 1531 gloriam
1064 1458 1267 1517 lubens
1311 1459 1658 1534 agnovisset,
1703 1464 1796 1534 ut,
1845 1460 2074 1518 etiamsi
2113 1459 2175 1518 id
2205 1460 2354 1518 Milo
2384 1459 2614 1531 fecisset,

307 1545 394 1612 15
416 1550 624 1602 cuncta
689 1545 893 1604 civitas
951 1563 1079 1605 eam
1134 1547 1365 1606 laudem
1410 1564 1515 1620 pro
1575 1563 1678 1606 sua
1724 1547 2081 1606 vindicaret?
2187 1548 2262 1606 At
2307 1549 2464 1620 quod
2509 1551 2616 1604 erat

312 1641 393 1698 39
416 1635 683 1704 tempus?
772 1631 1135 1692 Clarissimus
1197 1640 1256 1692 et
1300 1633 1645 1693 fortissimus
1690 1637 1919 1709 consul,
1973 1635 2241 1693 inimicus
2290 1635 2497 1694 Clodio
2515 1681 2529 1709 ‚
2565 1634 2614 1691 P.
2659 1686 2660 1701 ,

412 1719 694 1780 Lentulus
722 1713 774 1800 ¹)
790 1766 806 1795 ,
871 1724 1024 1780 ultor
1067 1721 1306 1780 sceleris
1351 1723 1506 1780 illius
1523 1767 1540 1796 ,
1600 1728 1991 1796 propugnator
2029 1729 2265 1783 senatus
2281 1767 2297 1796 ,
2365 1723 2616 1783 defensor

414 1813 641 1868 vestrae
683 1810 994 1868 voluntatis
1011 1853 1027 1880 ,
1071 1816 1351 1882 patronus
1394 1810 1613 1883 publici
1630 1805 1681 1890 ²)
1728 1827 2043 1869 consensus
2059 1856 2075 1885 ,
2122 1811 2435 1870 restitutor
2478 1812 2613 1868 salu-

411 1897 486 1955 tis
543 1912 744 1970 meae3
818 1901 1043 1970 septem
1099 1902 1425 1972 praetores,
1492 1903 1621 1956 octo
1673 1899 1894 1957 tribuni
1938 1899 2160 1972 plebei,
2230 1899 2391 1958 illius
2439 1900 2616 1957 adver-

413 1984 586 2058 sarii,
633 1982 969 2043 defensores
1014 1986 1161 2058 mei3
1224 1984 1322 2044 Cn.
1366 1984 1673 2058 Pompeius
1721 1992 1923 2045 auctor
1967 1991 2029 2044 et
2069 1986 2182 2045 dux
2227 1988 2347 2045 mei
2395 1987 2610 2055 reditus,

411 2072 566 2129 illius
620 2071 829 2146 hostie,
897 2072 1058 2130 cuius
1112 2073 1463 2131 sententiam
1520 2079 1756 2132 senatus
1814 2074 2000 2132 omnis
2024 2068 2077 2153 3)
2135 2073 2210 2132 de
2269 2076 2463 2133 salute
2505 2088 2614 2131 mea

413 2159 811 2234 gravissimam
853 2164 913 2218 et
956 2161 1380 2220 ornatissimam
1423 2166 1656 2221 secutus
1700 2166 1820 2236 est,
1865 2164 1965 2236 qui
2010 2162 2284 2236 populum
2315 2162 2614 2222 Romanum

414 2254 503 2307 est
544 2246 905 2322 cohortatus„
951 2249 1079 2323 qui,
1139 2265 1268 2306 cum
1313 2248 1614 2308 decretum
1659 2250 1731 2307 de
1777 2266 1869 2308 me
1919 2250 2150 2323 Capuae
2199 2250 2343 2310 fecit
2366 2244 2424 2331 4)
2441 2297 2456 2326 ,
2510 2252 2610 2321 ipse

413 2339 658 2395 cunctae
701 2335 910 2395 Italiae
968 2337 1220 2409 cupienti
1280 2342 1342 2394 et
1398 2337 1524 2395 eius
1584 2335 1758 2396 fidem
1802 2338 2135 2411 imploranti
2179 2340 2410 2413 signum
2455 2337 2610 2407 dedit,

410 2428 474 2481 ut
527 2420 602 2480 ad
660 2438 753 2480 me
798 2424 1218 2482 restituendum
1256 2424 1500 2483 Romam
1545 2431 1946 2500 concurreret3
2007 2426 2262 2484 omnium
2281 2420 2335 2507 ⁵)
2384 2427 2608 2497 denique

408 2511 473 2568 in
540 2508 704 2568 illum
775 2510 908 2570 odia
975 2512 1181 2570 civium
1237 2512 1524 2571 ardebant
1582 2512 1874 2572 desiderio
1932 2514 2081 2587 mei,
2148 2531 2322 2586 quem
2370 2515 2468 2587 qui
2510 2518 2609 2570 tum

409 2598 835 2673 interemisset,
903 2615 1021 2657 non
1081 2600 1153 2658 de
1212 2600 1554 2673 impunitate
1610 2602 1762 2675 eiuS,
1830 2601 1933 2659 sed
1977 2601 2050 2661 de
2096 2604 2374 2673 praemiis
2422 2602 2610 2675 cogita·

309 2692 392 2752 40
408 2690 590 2745 retur.
685 2686 906 2745 Tamen
960 2703 1024 2746 se
1061 2687 1205 2745 Milo
1253 2689 1535 2746 continuit
1580 2693 1642 2746 et
1684 2689 1747 2747 P.
1797 2687 2058 2748 Clodium
2097 2690 2159 2747 in
2205 2690 2481 2749 iudicium
2522 2688 2609 2758 bisi,

409 2774 486 2833 ad
541 2776 656 2834 vim
719 2791 1028 2847 numquam
1091 2776 1333 2833 vocavit.
1447 2776 1641 2847 Quid?
1716 2777 1939 2849 privato
1994 2777 2212 2836 Milone
2274 2783 2335 2837 et
2394 2794 2497 2837 reo
2550 2772 2609 2831 ad

406 2865 682 2937 populum
728 2868 1037 2922 accusante
1083 2863 1146 2920 P.
1185 2860 1411 2937 Clodio,
1464 2881 1590 2922 cum
1636 2865 1698 2921 in
1741 2864 1843 2923 Cn.
1888 2866 2229 2938 Pompeium
2267 2883 2377 2939 pro
2409 2865 2606 2923 Milone

409 2952 702 3011 dicentem
761 2952 1013 3023 impetus
1069 2948 1258 3007 factus
1302 2957 1419 3025 est,
1480 2969 1626 3025 quae
1667 2957 1792 3009 tum
1836 2970 1953 3011 non
1991 2954 2158 3012 modo
2208 2956 2470 3031 occasio,
2523 2946 2607 3007 sed

408 3042 587 3099 etiam
623 3055 797 3098 causa
835 3039 990 3098 illius
1029 3038 1389 3110 opprimendi
1446 3037 1584 3098 fuit!
1676 3040 1880 3112 Nuper
1921 3056 2090 3114 ver0,
2147 3057 2277 3099 cum
2321 3043 2405 3099 Μ.
2449 3041 2606 3098 Anto·

404 3128 536 3186 nius
581 3142 862 3187 summam
907 3142 1068 3198 spem
1113 3126 1316 3183 salutis
1357 3126 1522 3185 bonis
1563 3126 1826 3186 omnibus
1872 3129 2163 3186 attulisset
2207 3131 2605 3203 gravissimam·

402 3232 515 3288 que
579 3216 922 3274 adulescens
980 3211 1368 3272 nobilissimus
1430 3216 1519 3272 rei
1560 3214 1828 3288 publicae
1873 3222 2099 3288 partem
2146 3216 2459 3275 fortissime
2502 3229 2604 3272 sus·

402 3303 656 3377 cepisset
713 3307 886 3376 atque
943 3302 1104 3360 illam
1158 3301 1420 3376 beluam,
1488 3303 1687 3361 iudicii
1730 3302 1973 3375 laqueos
2017 3304 2442 3379 declinantem,
2506 3302 2601 3359 iam

543 3566 595 3632 1)
634 3563 698 3618 Ρ.
736 3562 1008 3616 Lentulus
1042 3562 1193 3618 Bake
1229 3564 1382 3618 uncis
1417 3565 1637 3646 incius„
1686 3565 1770 3620 cui
1807 3567 2180 3622 assentiuntur
2216 3569 2429 3639 Baiter,
2472 3565 2599 3632 Kay-
2659 3577 2660 3612 1

398 3653 514 3705 ser,
551 3633 869 3717 .Eb⁰¹'h?‘.¹'d·
919 3704 930 3716 ο
1085 3634 1140 3701 2)
1179 3632 1322 3689 Ante
1360 3636 1575 3716 publwc
1620 3636 1749 3718 dett.
1790 3637 1940 3691 codd.
1991 3637 2198 3693 addunt
2244 3640 2427 3706 ι’ζῐόαε,
2478 3631 2597 3705 quod
2659 3635 2660 3648 ¹

398 3704 566 3761 Orelli
605 3707 662 3758 et
697 3705 795 3757 alu
829 3707 1080 3785 retinent.
1224 3705 1279 3772 3)
1318 3721 1495 3759 omma
1528 3705 1679 3760 deest
1711 3723 1768 3759 111
1807 3707 1923 3760 cod.
1961 3708 2099 3774 Eri„
2140 3726 2261 3764 unc.
2303 3713 2420 3765 incl.
2456 3706 2595 3762 Bake.

394 3777 580 3917 {gnita
615 3773 921 3900 Hessaffl?
944 3772 1116 3897 cffiffif'f
1144 3774 1276 3898 effi
1309 3776 1934 3914 οὲἓιῒῑζεῖῗωῖιάᾶωέἓὲἶ
1974 3795 2082 3848 seq‘
2122 3780 2362 3851 Kayser,
2422 3779 2593 3834 Μετ’
2659 3857 2660 3874 ¹
