2669 4354
805 284 873 359 13⁴¹
915 283 1097 327 mne.
1140 284 1474 329 mom.
2132 271 2257 331 387

64 454 430 527 Compellarat
460 456 747 529 hospitem
768 473 1072 532 praesenS,
1104 464 1494 532 computarat,
1523 460 1832 533 pecuniam
1862 459 2178 531 imperarat
2188 453 2258 540 ¹),

62 543 107 598 in
162 545 286 601 eius
343 544 664 602 tetrarchia
719 562 894 602 unum
950 562 1023 602 ex
1070 545 1311 604 Graecis
1374 547 1681 605 comitibus
1746 547 1863 605 suis
1909 548 2257 620 conlocarat,

62 631 377 689 Armeniam
422 631 748 690 abstulerat
792 647 827 690 a
873 638 1078 691 senatu
1123 634 1330 694 datam.
1424 634 1589 693 Haec
1627 635 1789 693 vivus
1837 635 2080 707 eripuit:
2123 635 2258 693 red-
2279 639 2359 696 95

62 718 128 776 dit
171 726 443 777 mortuus,
534 721 611 777 At
652 719 858 793 quibus
893 721 1124 779 verbis?
1169 721 1340 779 modo
1385 738 1631 795 aequum
1674 721 1785 779 sibi
1830 722 2042 796 videri,
2090 723 2257 781 modo

62 823 155 863 non
197 808 472 880 iniquum.
562 808 718 866 Mira
761 808 1071 866 verborum
1111 810 1449 883 complexio.
1537 811 1615 868 At
1658 810 1758 868 ille
1816 827 2126 882 numquam
2173 843 2256 849 -—-

62 910 267 968 semper
331 896 484 953 enim
545 894 773 953 absenti
837 894 998 953 adfui
1050 896 1329 955 Deiotaro
1396 930 1477 937 —
1536 899 1840 971 quicquam
1901 898 2044 972 sibi,
2104 897 2255 969 quod

62 998 144 1040 nos
210 1000 319 1057 pro
383 982 487 1040 illo
553 984 975 1056 postularemus
994 1027 1010 1056 ,
1077 1000 1326 1058 aequum
1395 985 1542 1043 dixit
1605 986 1806 1043 videri.
1919 985 2258 1058 Syngrapha

64 1072 294 1129 sestertii
341 1072 604 1129 centiens
648 1087 754 1142 per
798 1071 1054 1145 legatOS,
1116 1074 1271 1130 viros
1331 1072 1537 1146 bon08‚
1600 1072 1704 1130 sed
1763 1073 1994 1130 timidos
2051 1079 2111 1131 et
2153 1073 2257 1130 im-

64 1160 253 1227 peritos
273 1203 286 1228 ‚
335 1160 459 1215 sine
505 1163 704 1216 nostra
724 1154 801 1235 ³),
848 1159 974 1215 sine
1019 1159 1374 1232 reliquorum
1419 1161 1704 1233 hospitum
1747 1161 1902 1233 regis
1945 1161 2256 1233 sententia,

64 1244 195 1304 facta
248 1247 310 1303 in
367 1247 646 1319 gynaecio
707 1252 797 1304 est
819 1240 902 1325 ³),
978 1263 1091 1318 quo
1167 1248 1227 1304 in
1284 1248 1410 1306 loco
1469 1249 1750 1320 plurimae
1797 1264 1894 1309 res
1952 1249 2260 1306 venierunt

65 1339 106 1389 st
145 1340 415 1393 veneunt.
509 1334 636 1405 Qua
683 1351 755 1390 ex
803 1334 1131 1407 syngrapha
1166 1335 1302 1407 quid
1344 1335 1422 1390 sis
1467 1342 1731 1407 acturus,
1791 1335 2075 1394 meditere
2123 1353 2258 1393 cen-

66 1436 169 1479 seo:
232 1439 341 1480 rex
402 1422 554 1480 enim
613 1423 738 1494 ipse
797 1438 902 1479 sua
959 1427 1191 1495 sponte,
1259 1421 1434 1479 nullis
1493 1424 1918 1480 commentariis
1972 1422 2258 1495 Caesaris,

66 1508 211 1567 simul
258 1515 435 1582 atque
501 1509 719 1567 audivit
776 1510 900 1566 eius
960 1509 1290 1583 interitum,
1359 1526 1461 1567 suo
1507 1511 1700 1569 Marte
1763 1527 1859 1568 res
1915 1527 2048 1568 suas
2105 1512 2257 1569 reci-

66 1599 282 1665 peravit.
378 1597 612 1656 Sciebat
653 1597 823 1654 homo
869 1596 1101 1668 sapiens
1145 1599 1237 1655 ius
1283 1614 1510 1670 semper
1553 1598 1663 1656 hoc
1705 1596 1910 1671 fuisse,
1968 1604 2059 1672 ut,
2106 1615 2253 1671 quae
2276 1605 2355 1662 96

68 1687 274 1755 tyranni
335 1685 718 1758 eripuissent,
793 1701 865 1743 ea
926 1687 1185 1756 tyrannis
1259 1684 1581 1743 interfectis
1639 1686 1716 1759 ii,
1787 1686 1996 1758 quibus
2052 1692 2258 1759 erepta

68 1779 273 1847 essent,
347 1774 761 1846 reciperarent.
865 1772 1047 1829 Nemo
1107 1774 1284 1846 igitur
1343 1774 1468 1830 iure
1488 1768 1542 1852 4)
1606 1774 1894 1832 consultus
1914 1818 1930 1847 ,
2003 1790 2078 1832 ne
2141 1775 2254 1831 iste

68 1861 305 1935 laidem,
364 1861 464 1932 qui
522 1861 629 1919 tibi
681 1861 780 1917 uni
842 1866 933 1917 est
986 1861 1111 1917 iure
1169 1861 1499 1935 consultus,
1556 1852 1664 1934 per
1709 1878 1880 1934 quem
1924 1862 2069 1920 haec
2113 1862 2257 1935 agie,

68 1963 120 2004 ax
157 1951 270 2006 ista
316 1947 645 2021 syngrapha
689 1947 891 2006 deberi
930 1945 1089 2006 dicet
1102 1942 1154 2027 ε5)
1198 1965 1304 2021 pro
1349 1949 1422 2006 iis
1466 1948 1668 2023 rebus,
1710 1966 1862 2022 quae
1911 1955 2081 2008 erant
2121 1956 2256 2007 ante

70 2037 429 2110 3yngrapham
476 2037 874 2109 reciperatae:
937 2052 1052 2093 non
1099 2036 1253 2094 enim
1296 2053 1333 2095 a
1375 2043 1435 2095 te
1483 2038 1648 2109 emit,
1709 2037 1813 2095 sed
1853 2038 2041 2110 priuS,
2087 2050 2259 2110 quam

70 2141 109 2181 >u
147 2142 311 2184 suum
357 2125 466 2184 sibi
513 2125 821 2199 vendereS,
879 2124 1003 2198 ipse
1048 2124 1324 2198 possedit.
1414 2125 1520 2183 Ille
1566 2126 1653 2183 vir
1697 2124 1838 2199 fuit,
1878 2142 1982 2184 nos
2027 2124 2259 2198 quidem

70 2214 453 2273 zontemnendi
473 2259 487 2287 ,
533 2214 634 2286 qui
679 2220 975 2271 auctorem
996 2209 1047 2291 6)
1093 2214 1313 2272 odimus
1333 2258 1350 2287 ,
1396 2219 1528 2272 acta
1572 2212 1950 2272 defendimus,

220 2302 371 2373 Quid
419 2318 525 2373 ego
573 2302 646 2359 de
693 2301 1121 2359 commentariis
1153 2300 1392 2359 infinitis
1408 2346 1422 2375 ,
1466 2301 1601 2374 quid
1631 2302 1704 2358 de
1736 2301 2259 2360 innumerabilibus
2277 2303 2364 2370 38

72 2388 439 2465 :hirographis
496 2390 737 2462 loquar?
807 2404 1046 2460 quorum
1119 2390 1295 2447 etiam
1362 2391 1656 2447 institores
1678 2383 1729 2469 ⁷)
1789 2397 1955 2464 sunt,
2023 2391 2121 2463 qui
2190 2406 2260 2448 ea
2280 2400 2360 2457 97

72 2492 337 2551 amquam
404 2477 787 2551 gladiatorum
853 2475 1081 2534 libellos
1146 2478 1339 2547 palam
1407 2477 1725 2536 venditent.
1836 2477 2042 2551 Itaque
2113 2479 2260 2535 tanti

72 2567 241 2624 tcervi
285 2582 642 2623 nummorum
684 2564 837 2638 apud
897 2565 1073 2621 istum
1128 2568 1540 2624 construuntur
1559 2609 1574 2637 ,
1638 2570 1701 2621 ut
1753 2566 1871 2622 iam
1932 2566 2262 2638 expendan-

76 2669 168 2726 ur,
235 2670 354 2712 non
406 2657 782 2712 numerentur
839 2651 1139 2726 pecuniae.
1243 2652 1323 2708 At
1381 2668 1550 2724 quam
1605 2667 1781 2709 caeca
1833 2653 2082 2710 avaritia
2140 2654 2260 2710 est!

74 2740 245 2815 <uper
287 2740 402 2799 fixa
446 2742 645 2800 tabula
684 2746 799 2814 est,
862 2756 977 2813 qua
1037 2740 1302 2797 civitates
1361 2739 1852 2813 locupletissimae
1900 2739 2262 2797 Cretensium
2336 2775 2342 2780 -

74 2829 424 2903 'ectigalibus
484 2829 835 2902 liberantur,
909 2828 1321 2900 statuiturque,
1398 2843 1472 2885 ne
1528 2834 1660 2900 post
1711 2828 1792 2886 M.
1854 2827 2093 2885 Brutum
2154 2844 2261 2901 pro

75 2920 279 2976 onsule
328 2917 404 2975 sit
449 2916 625 2975 Creta
681 2916 992 2989 provincia.
1082 2915 1170 2974 Tu
1229 2915 1441 2973 mentis
1503 2918 1777 2988 compos?
1828 2920 1895 2973 tu
1952 2932 2070 2973 non
2129 2932 2264 2973 con-

76 3006 460 3080 tringendus?
547 3006 641 3063 An
658 3001 712 3083 ⁸)
747 3002 1014 3063 Caesaris
1054 3003 1292 3061 decreto
1336 3002 1513 3061 Creta
1555 3009 1687 3076 post
1727 3004 1807 3061 M.
1852 3003 2022 3060 Bruti
2066 3003 2266 3062 deces-

76 3111 172 3151 um
232 3094 416 3166 potuit
477 3093 715 3151 liberari
732 3136 747 3165 ,
810 3108 939 3150 cum
986 3090 1161 3149 Creta
1219 3091 1363 3148 nihil
1419 3089 1494 3148 ad
1533 3090 1777 3148 Brutum
1823 3090 2075 3150 Caesare
2133 3092 2264 3148 vivo

76 3183 412 3241 »ertineretP
500 3182 580 3238 At
620 3180 791 3239 huius
836 3179 1168 3237 venditione
1213 3178 1468 3252 decreti,
1510 3195 1583 3236 ne
1630 3179 1774 3237 nihil
1801 3183 1995 3237 actum
2028 3180 2263 3252 putetiS,

79 3272 398 3330 rovinciam
461 3267 693 3327 Cretam
712 3263 763 3347 9)
817 3267 1166 3340 perdidistis
1255 3266 1502 3326 Omnino
1568 3282 1738 3326 nemo
1792 3266 1960 3325 ullius
2019 3266 2107 3324 rei
2155 3263 2266 3323 fuit

224 3473 278 3541 1)
323 3468 495 3524 Vatic.
534 3469 858 3537 impetrarat
874 3508 886 3532 ,
936 3466 1076 3537 quod
1115 3467 1276 3536 recip.
1316 3463 1479 3522 Halm
1520 3469 1576 3521 ot
1608 3463 1833 3535 Kayser.
2045 3463 2100 3532 2)
2138 3461 2264 3519 vat.

78 3540 312 3608 inesto-m
348 3557 453 3595 rec.
496 3540 649 3595 codd.
692 3539 810 3593 sime
841 3554 970 3602 sua5
1008 3538 1217 3593 Ferrar.
1256 3540 1392 3593 coni.
1429 3537 1545 3590 sim
1580 3535 1748 3591 Seaeti.
1856 3537 1909 3606 3)
1949 3535 2039 3591 Sic
2073 3534 2262 3600 Halm;

78 3614 305 3682 ynaeeio
343 3617 393 3666 et
429 3611 576 3676 Vat.;
611 3612 775 3679 vulgo
809 3622 1099 3678 yynaeceo.
1310 3610 1368 3676 4)
1404 3608 1526 3662 iwre
1561 3625 1661 3662 om.
1698 3610 1884 3663 contra
1918 3607 2067 3662 codd.
2096 3605 2263 3669 Koch,

87 3685 342 3740 bernard.
562 3684 615 3749 5)
655 3682 792 3734 dicet
827 3681 1014 3744 Halm3
1064 3677 1199 3731 dicit
1233 3678 1387 3731 codd.
1604 3680 1658 3746 6)
1701 3684 1933 3732 actorem
1970 3675 2264 3744 Eberhard,

80 3759 97 3808 t
132 3774 189 3810 v.
231 3754 372 3808 Phil.
412 3750 564 3819 XIII,
602 3753 650 3804 2.
865 3750 917 3818 7)
955 3750 1231 3803 institores
1276 3750 1412 3803 coni.
1451 3749 1853 3817 Pantagathus3
1898 3747 2046 3803 codd.
2084 3747 2284 3803 imita-.

80 3843 204 3881 »resa
381 3824 436 3892 8)
479 3839 556 3874 wn
593 3823 783 3944 Eulgm
829 3821 976 3875 codd.
1012 3820 1106 3883 in,
1146 3818 1285 3887 quod
1323 3820 1562 3872 restituit
1599 3820 1773 3874 Halm.
1952 3820 2006 3886 9)
2051 3816 2265 3874 Cretam

80 3915 158 3952 oc.
203 3896 328 3948 incl.
365 3892 603 3947 Eberhar
644 3933 655 3945 .
