2669 4354
411 251 536 306 364
1093 264 1310 305 ORA'mo
1355 266 1613 304 PmmPP.
1654 264 1923 304 SECVNDA

389 441 520 499 'stio
558 440 874 498 constituta
903 434 990 519 ¹)‘?
1048 440 1372 512 quaesitum
1433 443 1523 497 est
1581 443 1778 497 tamen
1841 404 1949 495 ἐς
2013 439 2166 511 quod
2227 439 2431 512 igitur,
2488 455 2599 495 cum

411 544 505 587 res
551 528 859 602 agebatur,
914 545 1084 586 nemo
1128 529 1189 585 in
1233 543 1326 585 me
1373 526 1542 600 dixit,
1598 526 1658 584 id
1702 531 1788 584 tot
1834 527 2001 584 annis
2044 532 2176 599 post
2212 531 2275 584 tu
2321 544 2382 585 es
2423 527 2602 584 inven-
2658 530 2659 543 ¹

413 622 503 674 tus
548 617 647 688 qui
692 615 938 674 diceres,

309 704 388 763 23
586 703 751 775 Quod
808 720 947 762 vero
1009 703 1204 760 dicere
1266 719 1439 760 ausus
1494 718 1590 775 οε,
1658 702 1832 775 idque
1901 703 2099 775 multis
2152 704 2346 762 verbis
2366 747 2381 776 ,
2446 719 2601 776 opera
2658 710 2659 771 ζ

409 808 541 850 mea
581 791 918 864 Pompeium
963 808 998 848 a
1046 790 1312 849 Caesaris
1372 790 1629 848 amicitia
1684 806 1813 848 esse
1874 791 2192 848 diiunctum
2252 791 2326 849 ob
2384 808 2600 862 eamque
2658 820 2659 829 κ

411 896 645 938 causam
687 880 856 952 culpa
897 894 1031 937 mea
1071 879 1287 937 bellum
1325 878 1494 936 civile
1543 894 1670 937 esse
1715 884 1941 952 natum,
2008 879 2068 936 in
2117 896 2186 937 eo
2231 896 2350 937 non
2395 885 2456 936 tu
2498 879 2601 951 qui·
2658 882 2659 891 ’

308 961 394 1028 10
411 965 543 1025 dem
589 971 715 1025 tota
757 983 852 1041 re,
898 966 1033 1040 sed,
1079 967 1229 1038 quod
1276 967 1581 1024 maximum
1629 972 1743 1040 est,
1783 967 2138 1039 temporibus
2184 968 2413 1026 errasti.
2497 967 2603 1038 Ego
2658 996 2659 1061 ἦ

409 1056 490 1113 Μ.
564 1054 807 1129 Bibulo,
891 1054 1389 1127 praestantissimo
1464 1055 1617 1127 cive,
1707 1056 1943 1113 consule
2015 1055 2157 1113 nihil
2244 1055 2604 1128 praetermisi,

410 1149 685 1216 quantum
724 1141 918 1201 facere
967 1143 1223 1214 enitique
1271 1142 1466 1215 potui,
1532 1143 1667 1214 quin
1711 1142 2051 1215 Pompeium
2094 1160 2131 1201 a
2179 1143 2449 1202 Caesaris
2492 1160 2605 1201 con·
2658 1140 2659 1185 ἒ

411 1231 707 1288 iunctione
771 1247 1090 1289 avocarem.
1211 1231 1278 1286 In
1330 1245 1444 1302 quo
1507 1229 1725 1288 Caesar
1783 1230 2013 1289 felicior
2070 1231 2211 1305 fuit3
2286 1233 2415 1305 ipse
2474 1232 2604 1289 enim
2658 1246 2659 1307 ζ

410 1318 744 1391 Pompeium
804 1335 839 1376 a
895 1335 1028 1377 mea
1085 1316 1484 1376 familiaritate
1529 1317 1791 1376 diiunxit.
1881 1319 2095 1377 Postea
2138 1336 2278 1378 vero
2332 1336 2503 1392 quam
2556 1336 2607 1376 se

410 1410 591 1463 totum
634 1406 942 1478 Pompeius
988 1404 1224 1464 Caesari
1284 1404 1549 1476 tradidit,
1616 1407 1755 1478 quid
1820 1423 1928 1480 ego
1972 1408 2133 1464 illum
2180 1407 2254 1465 ab
2304 1425 2378 1466 eo
2426 1408 2610 1466 distra-

310 1495 392 1551 24
409 1494 553 1552 here
600 1497 886 1552 conarer?
990 1494 1164 1552 Stulti
1211 1498 1340 1551 erat
1385 1510 1620 1565 sperare
1640 1538 1656 1567 ,
1732 1493 1981 1553 suadere
2027 1495 2401 1569 impudentis
2499 1495 2608 1552 Duo

411 1587 607 1639 tamen
687 1587 950 1655 tempora
1031 1581 1395 1655 inciderunt,
1479 1581 1687 1654 quibus
1762 1582 1981 1656 aliquid
2048 1593 2251 1641 contra
2317 1584 2605 1643 Caesarem
2658 1640 2659 1655 ¹

409 1669 684 1742 Pompeio
730 1670 1026 1728 suaserim.
1116 1669 1207 1726 Ea
1250 1669 1424 1727 velim
1480 1669 1903 1744 reprehendas,
1959 1671 2009 1729 si
2048 1677 2244 1744 potes:
2304 1690 2508 1746 unum,
2546 1687 2605 1729 ne

409 1757 784 1830 quinquennii
829 1758 1134 1829 imperium
1181 1755 1421 1815 Caesari
1462 1762 1835 1832 prorogaret,
1882 1758 2155 1833 alterum,
2205 1777 2280 1818 ne
2328 1765 2608 1833 pateretur
2658 1764 2659 1775 ¹

409 1844 579 1919 ferri,
643 1850 709 1903 ut
767 1844 1024 1903 absentis
1085 1845 1211 1903 eius
1277 1845 1429 1903 ratio
1493 1844 1824 1903 haberetur.
1937 1847 2213 1917 Quorum*
2248 1848 2298 1904 si
2350 1848 2608 1907 utrumvis

407 1934 852 2007 persuasissem,
918 1933 978 1990 in
1045 1933 1148 1991 has
1214 1933 1480 1991 miserias
1546 1949 1856 2005 numquam
1916 1935 2339 1994 incidissemus,
2442 1938 2606 2008 Atque

408 2021 564 2079 idem
611 2036 745 2095 ege,
792 2038 917 2079 cum
963 2021 1078 2078 iam
1124 2037 1264 2092 opes
1300 2037 1500 2079 omnes
1547 2026 1608 2079 et
1652 2038 1785 2079 suas
1832 2027 1894 2080 et
1937 2023 2136 2095 populi
2180 2023 2434 2083 Romani
2465 2025 2610 2082 Pom·
2658 2056 2659 2085 ι

406 2109 573 2182 peius
618 2109 691 2166 ad
739 2107 1052 2167 Caesarem
1098 2108 1404 2166 detulisset
1449 2125 1692 2182 seroque
1741 2126 1814 2167 ea
1858 2111 2075 2169 sentire
2125 2113 2436 2187 coepisset,
2480 2128 2607 2186 quae

409 2213 520 2270 ego
565 2197 742 2254 multo
805 2203 941 2256 ante
1001 2197 1399 2271 provideram,
1450 2197 1769 2270 inferrique
1817 2200 2045 2270 patriae
2102 2200 2319 2258 bellum
2371 2202 2607 2261 viderem

407 2283 720 2358 nefarium,
803 2286 991 2359 pacis,
1077 2284 1452 2358 concordiae,
1545 2287 1970 2359 compositionis
2035 2294 2241 2347 auctor
2308 2306 2442 2350 esse
2511 2306 2607 2346 non

409 2372 631 2445 destiti,
677 2389 925 2445 meaque
969 2373 1072 2430 illa
1115 2389 1223 2430 vox
1259 2378 1351 2431 est
1393 2378 1533 2430 nota
1574 2374 1797 2431 multis:
1855 2374 2149 2449 ‘Utinam,
2194 2376 2458 2453 Pompei,
2502 2393 2609 2435 cum
2658 2425 2659 2432 ,

409 2459 660 2519 Caesare
702 2461 1040 2519 societatem
1086 2466 1188 2518 aut
1246 2475 1557 2533 numquam
1604 2462 1819 2520 coisses
1864 2468 1966 2522 aut
2009 2481 2322 2536 numquam
2370 2465 2610 2525 diremis-

408 2548 534 2606 ses!
601 2547 713 2606 fuit
756 2550 1002 2606 alterum
1047 2549 1375 2622 gravitatiS,
1452 2550 1699 2607 alterum
1754 2551 2105 2622 prudentiae
2162 2558 2302 2610 tuae
2316 2550 2348 2612 '.
2469 2555 2610 2611 Haec
2658 2601 2659 2606 ,

405 2652 570 2703 mea,
619 2637 699 2694 M.
745 2636 995 2709 Antoni,
1047 2653 1276 2710 semper
1320 2642 1382 2694 et
1423 2636 1496 2694 de
1542 2636 1820 2711 Pompeio
1869 2644 1929 2698 et
1974 2639 2050 2697 de
2093 2657 2156 2698 re
2206 2641 2448 2712 publica
2492 2658 2611 2699 con-

406 2724 537 2782 silia
580 2722 839 2797 suerunt3
899 2740 1047 2797 quae
1094 2725 1143 2781 si
1189 2724 1537 2798 valuissent,
1578 2743 1676 2784 res
1719 2726 1951 2798 publica
1994 2732 2206 2802 staret,
2254 2735 2320 2787 tu
2368 2732 2482 2789 tuis
2522 2729 2612 2787 fla·
2658 2717 2659 2756 3

407 2812 590 2885 gitiis,
638 2815 935 2885 egestate,
979 2811 1221 2870 infamia
1267 2812 1636 2871 concidisseS.
1668 2815 1685 2830 “

302 2890 386 2956 11
581 2899 696 2958 Sed
752 2900 895 2958 haec
940 2905 1170 2974 vetera,
1233 2899 1377 2958 illud
1421 2916 1560 2960 vero
1615 2918 1851 2976 recenS,
1927 2902 2240 2962 Caesarem
2301 2925 2435 2967 meo
2496 2923 2615 2964 con-

302 2983 383 3043 25
405 2987 535 3044 silio
579 2988 968 3046 interfectum.
1058 2988 1181 3045 Iam
1225 3005 1459 3062 vereor,
1512 2994 1710 3060 patres
1756 2992 2095 3065 conscripti,
2141 3010 2250 3068 ne,
2315 2995 2469 3068 quod
2506 3000 2612 3052 tur-

402 3075 701 3147 pissimum
748 3080 862 3148 est,
918 3076 1446 3148 praevaricatorem
1502 3077 1643 3135 mihi
1700 3081 2035 3150 apposuisse
2087 3080 2318 3156 videar,
2352 3084 2481 3156 'qui
2531 3098 2613 3139 me

401 3179 521 3221 non
562 3164 745 3222 solum
788 3164 932 3221 meis
976 3162 1236 3221 laudibus
1283 3170 1547 3237 ornaret,
1598 3164 1703 3222 sed
1749 3168 1927 3224 etiam
1972 3168 2197 3227 alienis
2290 3171 2429 3242 Quis
2473 3172 2614 3229 enim

401 3268 594 3310 meum
647 3253 709 3309 in
751 3251 867 3309 ista
912 3252 1190 3309 societate
1237 3251 1632 3324 gloriosissimi
1692 3252 1833 3311 sacti
1878 3271 2090 3313 nomen
2149 3258 2411 3317 audivit?
2466 3259 2615 3316 cuius
2658 3265 2659 3294 ³

401 3344 624 3414 autem,
664 3339 758 3413 qui
800 3340 863 3397 in
908 3354 979 3397 eo
1023 3355 1262 3396 numero
1307 3336 1541 3414 fuisset,
1600 3358 1810 3399 nomen
1855 3349 1945 3401 est
1989 3345 2379 3404 occultatum?
2436 3345 2615 3404 occul·
2658 3327 2659 3404 ἶ

401 3432 584 3485 tatum
630 3427 801 3486 dico?
846 3427 1009 3485 cuius
1038 3443 1155 3485 non
1196 3428 1390 3484 statim
1432 3427 1826 3501 divolgatum?
1870 3429 2050 3489 Citius
2083 3432 2328 3492 dixerim
2373 3436 2613 3492 iactasse

401 3530 465 3572 se
513 3515 763 3590 aliquOS,
823 3521 889 3573 ut
944 3515 1120 3573 fuisse
1167 3515 1229 3572 in
1275 3531 1350 3572 ea
1402 3515 1683 3575 societate
1729 3518 2098 3593 viderentur,
2157 3538 2288 3579 cum
2336 3522 2550 3581 conscii
2568 3514 2612 3597 ²)
2658 3529 2659 3594 ξ

298 3600 379 3656 26
401 3619 518 3659 non
558 3600 829 3676 fuissent,
877 3619 1050 3675 quam
1092 3608 1158 3660 ut
1198 3604 1500 3676 quisquam
1532 3605 1713 3663 celari
1743 3606 1952 3680 vellet,
1998 3609 2100 3680 qui
2143 3607 2367 3670 fuisset.
2439 3609 2613 3681 Quam
2658 3607 2659 3670 3

544 3801 597 3864 1)
647 3799 945 3852 constituta
979 3817 1098 3853 unc.
1147 3801 1269 3854 incl.
1307 3801 1483 3866 Bake,
1531 3802 1820 3856 Eberhard.
2024 3807 2077 3874 2)
2128 3808 2261 3861 socii
2299 3808 2445 3862 codd.
2482 3824 2609 3871 rec.;

404 3867 608 3920 conscii
642 3866 748 3922 del.
786 3868 1089 3933 FerrariuS,
1145 3887 1302 3939 quem
1340 3867 1584 3940 sequitur
1619 3872 1916 3928 Eberhard.
