2669 4354
2 636 11 699 ι

4 760 11 851 ἒ

788 245 903 287 Pno
947 246 999 285 Τ.
1035 245 1226 287 immo
1271 246 1522 287 monn.
2144 233 2263 289 179

81 434 221 475 omne
252 417 473 476 facinus
504 418 904 491 paratissimus
935 417 1305 476 fortissimum
1338 419 1523 475 virum
1540 462 1556 490 ,
1601 418 2056 476 inimicissimum
2086 436 2270 493 suum,

80 506 422 564 certissimum
465 506 787 580 consulem,
833 506 1007 579 idque
1047 507 1340 564 intellexit
1367 523 1484 564 non
1514 507 1698 563 solum
1726 507 2116 581 sermonibus,
2162 507 2269 566 sed

4 604 5 631 ¹
81 594 221 651 etiam
286 592 574 666 suffragiis
641 595 838 666 populi
896 594 1139 652 Romani
1199 610 1375 667 saepe
1444 610 1571 652 esse
1619 593 2005 669 declaratum,
2071 595 2266 668 palam

2 716 9 757 ι,
80 697 223 754 agere
289 682 480 755 coepit
548 685 609 739 et
676 687 881 754 aperte
949 680 1145 741 dicere
1210 680 1589 740 occidendum
1649 678 1949 740 Milonem.
2055 683 2267 742 Servos
2286 693 2369 751 26

81 775 302 842 agrestes
368 775 430 827 et
495 769 774 827 barbaros
790 814 805 842 ,
872 769 1078 840 quibus
1142 770 1317 827 silvas
1378 769 1638 842 publicas
1699 769 2078 843 depopulatus
2139 775 2268 828 erat

4 904 11 951 ,ι
81 856 451 930 Etruriamque
514 861 784 929 vexarat,
852 874 925 914 ex
983 857 1284 929 Apennino
1345 857 1702 930 deduxerat,
1768 872 1907 930 quos
1963 857 2264 918 videbatis,

6 970 15 1071 1

6 1094 21 1249 1

80 944 168 1002 Res
223 950 346 1003 erat
405 945 641 1002 minime
698 943 971 1016 obscura3
1035 946 1250 1004 etenim
1304 944 1501 1018 palam
1562 945 1867 1003 dictitabat
1912 947 2267 1004 consulatum

8 1074 17 1091 .
79 1032 191 1105 eripi
233 1034 443 1091 Miloni
496 1048 612 1090 non
654 1049 855 1105 posse,
919 1033 1095 1090 vitam
1150 1049 1336 1104 posse.
1429 1031 1789 1106 Significavit
1830 1034 1941 1092 hoc
1984 1051 2160 1107 saepe
2205 1034 2269 1092 in

77 1128 275 1193 senatu,
338 1121 486 1178 dixit
529 1121 590 1177 in
635 1121 935 1178 contione·
924 1164 938 1193 ,
995 1120 1131 1191 quin
1193 1120 1371 1178 etiam
1411 1119 1491 1177 M.
1534 1120 1792 1179 Favonio
1816 1116 1867 1201 1)
1885 1166 1902 1195 ,
1959 1120 2268 1181 fortissimo

76 1209 200 1281 viro,
257 1208 566 1281 quaerenti
612 1224 684 1266 ex
746 1224 843 1280 e0‚
910 1225 1024 1280 qua
1067 1224 1169 1281 spe
1216 1205 1440 1266 fureret
1485 1208 1705 1267 Milone
1750 1209 1913 1283 viv0,
1970 1210 2269 1284 respondit

12 1306 13 1317 ³
77 1295 231 1354 triduo
274 1297 440 1354 illum
486 1300 587 1353 aut
626 1313 908 1353 summum
951 1295 1273 1368 quadriduo
1306 1312 1434 1353 esse
1462 1297 1818 1370 periturum3
1864 1313 2038 1370 quam
2066 1314 2268 1356 vocem

80 1384 177 1441 eius
220 1384 290 1442 ad
336 1385 494 1442 hunc
536 1383 618 1441 M.
666 1382 945 1442 Catonem
989 1384 1183 1441 statim
1214 1383 1505 1441 Favonius
1550 1384 1773 1443 detulit.
1867 1385 2105 1443 Interim
2140 1402 2269 1444 cum
2286 1390 2375 1457 10

14 1520 19 1533 ,
76 1472 221 1530 sciret
249 1471 484 1529 Clodius
519 1504 601 1511 —
628 1487 820 1543 neque
869 1472 1020 1528 enim
1068 1475 1196 1529 erat
1240 1468 1474 1529 difficile
1521 1470 1582 1528 id
1626 1473 1774 1530 scire
1794 1465 1847 1554 ²)
1884 1507 1960 1515 —
1995 1475 2111 1532 iter
2158 1475 2271 1533 sol·
2290 1485 2372 1544 27

12 1546 23 1661 ἱ
78 1559 284 1659 lemne,
313 1559 670 1633 legitimum,
715 1559 1107 1658 necessarium
1152 1559 1474 1659 antediem
1505 1558 1651 1617 XIII
1680 1559 1977 1619 Kalendas
2010 1561 2270 1620 Februa-

14 1694 21 1721 ,
76 1663 169 1704 nas
206 1647 417 1705 Miloni
477 1663 605 1706 esse
651 1646 975 1705 Lanuvmm
1031 1647 1105 1705 ad
1150 1644 1444 1704 flammem
1487 1646 1874 1722 prodendum,
1926 1646 2097 1723 [quod
2144 1654 2273 1708 erat

14 1802 25 1885 ἒ

14 1780 21 1789 .
76 1733 293 1794 dictator
336 1735 591 1793 Lanuvii
635 1732 800 1809 Milo]
824 1729 904 1815 ⁸):
964 1733 1150 1792 Roma
1193 1734 1382 1792 subito
1427 1734 1552 1807 ipse
1603 1735 1898 1808 profectus
1926 1737 2116 1810 pridie
2165 1742 2273 1812 est,

76 1828 127 1878 ut
174 1830 301 1881 ante
350 1840 521 1880 suum
565 1819 803 1879 fundum
821 1867 836 1895 ,
898 1822 1050 1894 quod
1093 1839 1159 1880 re
1205 1823 1564 1880 intellectum
1608 1828 1729 1896 est,
1783 1823 1991 1882 Miloni
2034 1823 2274 1883 insidias

16 1904 21 1963 ἕ.
79 1911 396 1969 conlocaret.
488 1910 680 1982 Atque
729 1911 812 1966 ita
856 1909 1151 1981 profectus
1197 1914 1318 1983 est,
1379 1914 1445 1967 ut
1489 1911 1817 1969 contionem
1859 1912 2273 1987 turbulentam,

16 1990 23 2061 ζ
77 1996 124 2053 in
164 2015 270 2070 qua
314 1999 445 2057 eius
491 1997 653 2055 furor
698 1997 1062 2055 desideratus
1110 2002 1229 2071 est,
1276 2013 1425 2070 quae
1457 1998 1557 2055 illo
1587 1999 1711 2071 ipso
1742 1999 1835 2056 die
1863 1999 2063 2058 habita
2094 2005 2186 2059 est
2198 1993 2273 2081 ⁴¹),

16 2132 25 2151 ,
78 2086 443 2159 relinqueret,
491 2102 661 2157 quam
682 2130 697 2158 ,
757 2085 870 2142 nisi
915 2086 1075 2143 obire
1123 2084 1399 2143 facinoris
1446 2086 1634 2144 locum
1679 2092 2017 2161 tempusque
2062 2088 2274 2147 voluis-

79 2180 179 2249 set,
220 2191 534 2248 numquam
581 2174 929 2246 reliquisset.
1022 2170 1169 2232 Milo
1216 2177 1412 2232 autem
1458 2192 1587 2232 cum
1630 2175 1690 2232 in
1731 2180 1937 2235 senatu
1965 2175 2173 2237 fuisset
2203 2193 2274 2236 eo
2297 2189 2377 2248 28

6 2259 8 2263 ⁸
80 2261 184 2336 die,
225 2262 422 2336 quoad
464 2268 698 2320 senatus
739 2268 828 2320 est
873 2262 1139 2320 dimissus
1159 2307 1175 2333 ,
1221 2262 1449 2319 domum
1495 2263 1684 2337 venit,
1731 2265 1957 2323 calceos
2004 2268 2065 2323 et
2101 2267 2277 2323 vesti-

80 2358 245 2408 menta
290 2351 568 2418 mutavit,
622 2349 950 2428 paulisper,
1001 2350 1134 2408 dum
1179 2366 1241 2407 se
1282 2366 1451 2424 uxor,
1494 2355 1558 2408 ut
1593 2348 1687 2425 fit,
1744 2357 2067 2425 comparat,
2125 2369 2276 2411 com-

80 2443 300 2498 moratus
361 2443 489 2511 est,
551 2437 687 2496 dein
745 2435 1039 2510 profectus
1078 2436 1139 2495 id
1179 2439 1491 2512 temporis,
1562 2455 1690 2497 cum
1734 2439 1850 2496 iam
1898 2439 2166 2515 Clodius,
2225 2440 2277 2498 si

80 2526 279 2596 quidem
330 2543 408 2584 eo
454 2525 547 2583 die
588 2524 829 2583 Romam
873 2530 1149 2584 venturus
1196 2530 1355 2597 erat,
1412 2525 1604 2584 redire
1649 2527 1944 2599 potuisset.
2035 2527 2277 2586 Obviam

81 2609 130 2669 fit
167 2615 219 2671 ei
243 2613 515 2686 ClodiuS,
562 2613 895 2686 expeditu8‚
938 2613 998 2670 in
1049 2629 1217 2686 equ0,
1256 2614 1420 2671 nulla
1465 2614 1639 2687 reda,
1686 2615 1856 2672 nullis
1898 2615 2278 2687 impedimen-

80 2700 167 2775 tis,
205 2703 383 2761 nullis
431 2699 672 2758 Graecis
717 2701 1054 2774 comitibus,
1101 2705 1164 2758 ut
1204 2701 1457 2776 solebat,
1504 2702 1627 2759 sine
1679 2719 1854 2760 uxore
1876 2746 1891 2775 ,
1936 2703 2085 2774 quod
2115 2720 2277 2761 num·

16 2823 19 2842 2
82 2803 227 2858 quam
270 2789 436 2859 fere,
487 2805 616 2846 cum
659 2789 753 2845 hic
799 2788 1130 2862 insidiator,
1176 2789 1274 2861 qui
1319 2790 1434 2846 iter
1477 2788 1618 2846 illud
1663 2789 1738 2847 ad
1785 2789 2020 2847 caedem
2057 2788 2278 2849 facien·

18 2937 23 2942 ,
81 2873 188 2934 dam
252 2882 628 2951 apparasset,
697 2893 826 2933 cum
898 2893 1073 2934 uxore
1130 2876 1444 2935 veheretur
1464 2921 1480 2951 ,
1546 2877 1608 2934 in
1665 2876 1840 2950 reda,
1916 2879 2278 2953 paenulatus,

80 2978 262 3037 magno
312 2971 379 3024 et
422 2964 703 3037 impedito
721 2958 772 3043 5)
807 2969 866 3022 et
896 2963 1162 3021 muliebri
1194 2981 1263 3022 ac
1296 2964 1547 3023 delicato
1578 2965 1917 3022 ancillarum
1942 2982 2280 3039 puerorum-

16 3061 17 3074 *
81 3067 171 3121 que
231 3054 529 3111 comitatu.
632 3051 732 3109 Fit
787 3052 1013 3110 obviam
1052 3051 1250 3110 Clodio
1310 3058 1448 3111 ante
1509 3050 1746 3111 fundum
1795 3054 1918 3111 eius
1962 3054 2108 3112 hora
2151 3052 2278 3113 fere
2301 3066 2383 3124 29

82 3139 365 3199 undecima
428 3146 531 3198 aut
592 3157 709 3197 non
753 3140 932 3197 multo
974 3157 1158 3198 secus.
1246 3140 1457 3199 Statim
1503 3142 1825 3213 complures
1871 3158 1999 3198 cum
2043 3142 2176 3201 telis
2220 3143 2282 3199 in

82 3224 210 3285 hunc
251 3228 478 3287 faciunt
525 3227 598 3286 de
638 3229 764 3286 loco
808 3228 1105 3300 superiore
1151 3228 1458 3300 impetum,
1518 3229 1746 3287 adversi
1790 3229 2083 3287 redarium
2131 3231 2282 3288 occi-

81 3312 229 3374 dunt:
286 3333 419 3374 cum
476 3320 669 3374 autem
727 3315 824 3373 hic
864 3316 937 3373 de
982 3316 1126 3375 reda
1170 3317 1392 3375 reiecta
1433 3317 1687 3391 paenula
1733 3316 2063 3375 desiluisset
2105 3334 2283 3391 seque

238 3567 290 3632 1)
355 3566 688 3618 Praenomen
739 3563 825 3618 Μ.
879 3564 1033 3619 deest
1079 3567 1132 3619 in
1191 3564 1376 3628 codd„
1445 3564 1566 3619 add.
1622 3562 1858 3628 Krause‚
1916 3564 2105 3634 Klotz,
2171 3568 2283 3623 alii.

85 3629 129 3697 2)
169 3634 295 3690 eod.
334 3635 445 3688 Erf.
495 3639 614 3687 erat
659 3635 880 3702 difficile
926 3635 986 3688 id
1029 3636 1166 3689 scire
1216 3653 1253 3688 a
1300 3636 1648 3699 Lanuvinae,
1708 3637 1803 3689 alii
1857 3637 2009 3690 codd.
2057 3644 2178 3691 erat
2225 3639 2289 3693 id

85 3699 289 3769 difficile
325 3721 399 3758 sc.
439 3722 476 3757 a
512 3704 854 3758 Lanuvinis.
967 3707 1022 3772 3)
1061 3706 1205 3773 quod
1241 3738 1308 3746 —
1345 3707 1488 3759 Milo
1521 3707 1672 3760 uncis
1707 3708 1833 3761 incl.
1867 3707 2042 3771 Bake,
2079 3709 2283 3776 Baiter,

85 3771 178 3826 alii.
334 3775 392 3842 4)
430 3790 569 3842 quae
604 3806 671 3814 --
706 3774 898 3828 habita
932 3782 1009 3831 est
1046 3778 1201 3830 uncis
1237 3778 1364 3831 incl.
1402 3777 1576 3841 Bake,
1611 3777 1837 3846 Kayser.
1991 3780 2047 3848 5)
2086 3795 2286 3848 mayno

86 3840 442 3910 mpedimento
479 3844 709 3899 Ernesti.
