2669 4354
835 278 901 316 m
944 278 1124 317 Mane.
1173 276 1505 319 AN‘ronM.
2145 260 2275 320 381⁴

87 483 157 491 —
215 456 357 523 est03
417 449 597 508 fuerit
645 451 793 507 haec
851 450 1101 523 partium
1158 444 1334 508 causa
1396 437 1708 511 communis
1762 440 1875 509 -':‘
1929 452 2276 531 repetebant

79 544 366 610 praeterea
410 537 551 596 deos
596 539 841 610 patrios,
888 553 1047 611 araS,
1093 537 1287 611 focOS,
1343 538 1524 595 larem
1573 555 1737 599 suum
1777 537 2151 614 familiarem,
2213 540 2273 597 in

88 642 217 698 quae
259 630 461 683 cuncta
483 619 535 705 1)
580 631 643 682 tu
688 627 1001 683 invaseras
1089 625 1254 683 Haec
1289 641 1433 691 *cum
1477 631 1749 698 peterent
1792 627 1968 684 armis
2013 627 2088 700 ii,
2136 643 2275 700 quo-

87 730 194 770 rum
252 718 414 772 erant
457 713 693 789 ,legibus
765 744 844 753 —
915 712 1027 770 etsi
1079 713 1142 769 in
1204 712 1379 771 rebus
1438 713 1814 786 iniquissimis
1878 714 2017 786 quid
2084 721 2275 787 potest

86 806 197 859 esse
242 801 446 875 aequi?
497 833 574 841 -
623 804 818 858 tamen
865 817 1034 872 quem
1079 806 1206 859 erat
1250 801 1661 872 aequissimum
1707 805 1908 861 contra
1957 801 2059 860 Cn.
2106 801 2275 860 Pom-

86 890 166 961 pei
217 889 420 946 liberos
473 890 784 963 pugnare?
840 890 1053 960 quem?
1103 893 1202 962 te,
1264 893 1568 947 sectorem.
1660 889 1753 947 An
1807 895 1869 946 tu
1888 882 1939 968 ²)
1965 894 1969 898 ’
1997 889 2275 949 Narbone
2296 890 2373 946 76

85 993 285 1034 mensas
349 977 643 1049 hospitum
711 991 1110 1050 convomereS,
1191 973 1504 1034 Dolabella
1570 993 1675 1050 pro
1739 981 1800 1034 te
1865 978 1924 1034 in
1991 976 2273 1050 Hispania

85 1064 430 1141 dimicaret?
1658 1080 1666 1085 ·

240 1152 344 1223 Qui
384 1167 524 1209 vero
570 1149 843 1208 Narbone
882 1149 1146 1208 reditus?
1205 1151 1382 1210 etiam
1407 1144 1460 1233 ³)
1506 1151 1853 1226 quaerebat,
1908 1167 2010 1209 cur
2048 1168 2154 1225 ego
2203 1169 2274 1210 ex

79 1241 186 1311 ipso
224 1255 388 1296 cursu
431 1244 548 1296 tam
602 1238 790 1296 subito
835 1239 1222 1313 revertissem.
1333 1238 1590 1311 Exposui
1640 1255 1852 1313 nuper,
1896 1245 2105 1317 patres,
2139 1255 2273 1297 con-

79 1328 280 1400 scripti,
325 1341 560 1384 causam
602 1326 826 1401 reditus
871 1326 1013 1384 mei:
1060 1326 1241 1399 volui,
1289 1327 1338 1385 si
1380 1342 1635 1400 possem,
1685 1328 1859 1385 etiam
1891 1334 2026 1385 ante
2057 1325 2271 1385 Kalen-

77 1415 165 1472 das
208 1414 503 1472 Ianuarias
548 1413 823 1484 prodesse
869 1415 959 1472 rei
1005 1413 1296 1487 publicae.
1386 1414 1535 1472 Nam
1580 1413 1729 1487 quod
1774 1416 2115 1487 quaerebas,
2161 1430 2272 1486 quo

74 1502 223 1560 modo
264 1501 575 1574 redissem,
644 1503 892 1573 primum
948 1502 1104 1574 luce,
1174 1518 1288 1559 non
1347 1503 1636 1560 tenebris:
1705 1501 1916 1560 deinde
1967 1518 2094 1559 cum
2154 1502 2270 1559 cal-

73 1591 178 1648 ceis
224 1595 281 1647 et
323 1595 494 1662 toga,
540 1589 714 1647 nullis
758 1606 870 1647 nec
909 1587 1147 1646 Gallicis
1168 1582 1223 1669 4)
1268 1606 1379 1648 nec
1425 1589 1676 1647 lacerna.
1766 1590 1846 1646 At
1892 1591 2067 1648 etiam
2114 1590 2268 1662 aspi-

72 1679 143 1736 cis
184 1693 306 1751 me,
354 1682 415 1734 et
459 1677 722 1750 quidem,
781 1681 844 1734 ut
888 1676 1130 1751 videris,
1194 1677 1396 1735 iratus,
1486 1676 1576 1734 Ne
1637 1682 1699 1734 tu
1753 1678 1869 1734 iam
1927 1694 2151 1735 mecum
2205 1677 2268 1734 in

71 1766 300 1837 gratiam
360 1764 598 1837 redeaS,
673 1766 720 1821 si
785 1765 966 1835 scias,
1041 1779 1212 1838 quam
1285 1782 1378 1823 me
1446 1764 1665 1838 pudeat
1738 1765 2033 1837 nequitiae
2111 1770 2267 1839 tuae,

73 1855 221 1910 cuius
291 1859 355 1910 te
430 1853 618 1925 ipsum
700 1867 816 1910 non
904 1851 1100 1925 pudet.
1228 1852 1316 1909 Ex
1408 1853 1663 1910 omnium
1754 1853 2017 1910 omnibus
2105 1849 2270 1924 flagi-

69 1941 153 1996 tiis
204 1941 423 1998 nullum
469 1940 695 2011 turpius
752 1940 870 1998 vidi
886 1985 901 2012 ,
960 1940 1177 1997 nullum
1239 1940 1450 1998 audivi.
1544 1939 1653 2009 Qui
1699 1941 1976 2012 magister
2015 1942 2268 2011 equitum

69 2027 231 2086 fuisse
295 2027 404 2085 tibi
471 2026 764 2101 viderere,
829 2029 891 2085 in
957 2028 1296 2103 proximum¹
1334 2043 1547 2085 annum
1608 2028 1965 2085 consulatum
2033 2032 2269 2099 peteres

69 2117 160 2172 vel·
190 2114 386 2189 potius
431 2130 705 2190 rogareS,
764 2132 871 2189 per
918 2116 1232 2189 municipia
1278 2115 1645 2188 coloniasque
1691 2113 1946 2190 Galliae,
2003 2131 2036 2173 e
2083 2130 2196 2189 qua
2213 2110 2268 2196 ⁵)

0 2193 1 2218 ³
67 2220 157 2261 nos
205 2210 376 2276 tum,
447 2220 578 2260 cum
643 2204 970 2261 consulatus
1039 2204 1385 2278 petebatur,
1468 2217 1583 2261 non
1650 2205 1987 2277 rogabatur,
2064 2206 2268 2276 petere

68 2293 413 2349 consulatum
459 2290 811 2365 solebamus,
876 2308 1005 2349 cum
1054 2291 1291 2350 Gallicis
1355 2297 1416 2350 et
1477 2293 1713 2350 lacerna
1770 2291 2089 2352 cucurristi.
2191 2290 2271 2348 At
2286 2288 2373 2354 31

67 2378 245 2437 videte
304 2380 601 2437 levitatem
647 2379 908 2438 hominis.
1005 2377 1148 2436 Cum
1193 2380 1336 2437 hora
1382 2378 1500 2437 diei
1546 2379 1772 2437 decima
1824 2377 1949 2438 fere
1999 2378 2074 2438 ad
2119 2376 2271 2436 Saxa
2290 2384 2370 2440 77

61 2468 223 2524 rubra
254 2468 540 2538 venisset,
582 2467 816 2525 delituit
858 2470 920 2525 in
966 2466 1213 2538 quadam
1260 2467 1583 2540 cauponula
1624 2472 1799 2539 atque
1845 2468 1928 2525 ibi
1973 2483 2037 2525 se
2079 2466 2272 2525 occul-

60 2560 176 2612 tans
235 2554 569 2628 perpotavit
637 2554 711 2611 ad
779 2571 1107 2627 vesperam:
1175 2554 1310 2611 inde
1379 2555 1520 2611 cisio
1585 2554 1859 2612 celeriter
1926 2554 2000 2612 ad
2067 2554 2295 2611 urbem·

57 2641 327 2701 advectus
373 2643 605 2701 domum
648 2643 811 2700 venit
855 2643 1048 2714 capite
1093 2640 1365 2699 obvoluto
1386 2634 1454 2721 ⁶).
1544 2642 1794 2699 Ianitor:
1841 2641 1997 2713 ‘quis
2029 2638 2161 2699 tu’?
2185 2674 2268 2681 —

56 2728 129 2786 ‘A
172 2730 384 2787 Marco
430 2726 811 2787 tabellarius'.
920 2728 1237 2787 Confestim
1292 2728 1367 2786 ad
1424 2744 1579 2802 eam,
1641 2729 1801 2786 cuius
1864 2744 2039 2786 causa
2096 2744 2271 2786 vene-

53 2822 136 2873 rat
157 2811 243 2894 ⁷),
305 2818 476 2889 eique
528 2818 837 2889 epistulam
892 2815 1149 2875 tradidit.
1256 2816 1442 2886 Quam
1494 2833 1624 2874 cum
1683 2815 1786 2874 illa
1840 2816 2069 2889 legeret
2124 2814 2270 2873 flens

51 2935 130 2944 —
178 2911 312 2962 erat
375 2905 527 2961 enim
580 2905 796 2977 scripta
854 2905 1165 2978 amatorie3
1236 2909 1411 2980 caput
1474 2908 1672 2962 autem
1729 2903 2082 2976 litterarum,
2159 2903 2268 2961 sibi

52 3006 175 3047 cum
224 2990 333 3050 illa
376 2992 550 3049 mima
610 2991 851 3065 posthac
894 2991 1037 3049 nihil
1082 2992 1370 3065 futurum,
1432 3007 1658 3049 omnem
1703 3008 1791 3058 se,
1812 3007 2065 3049 amorem
2111 2990 2270 3048 abie-

46 3078 193 3137 cisse
241 3079 390 3137 illim
410 3073 463 3158 ⁸)
522 3085 697 3151 atque
761 3080 824 3136 in
878 3080 1029 3137 hanc
1085 3077 1467 3138 transfudisse
1516 3110 1598 3119 —-
1646 3096 1775 3136 cum
1833 3079 2043 3136 mulier
2097 3076 2270 3148 fleret

185 3314 244 3380 1)
287 3313 376 3366 Sic
402 3311 572 3365 Orelli
583 3332 595 3376 ;
635 3311 812 3366 Vatic.
849 3311 911 3363 in
948 3327 1315 3380 quencumque
1349 3312 1663 3376 invaseras,
1705 3316 1803 3364 cet.
1846 3311 1999 3365 codd.
2033 3311 2094 3362 iu
2131 3326 2272 3377 quae

40 3384 105 3431 tu
139 3380 256 3435 inv.
306 3399 437 3451 quos
474 3381 715 3452 sequitur
741 3381 919 3435 Halm.
1103 3382 1157 3449 2)
1207 3399 1284 3434 au
1321 3398 1439 3434 cum
1475 3386 1537 3433 tu
1573 3381 1754 3445 Klotz,
1791 3385 1854 3434 ut
1889 3381 2091 3448 legitur
2127 3380 2269 3451 apud

39 3448 187 3505 Sel-V.
249 3452 316 3506 in
369 3455 470 3506 art.
520 3468 623 3506 sec.
672 3452 809 3505 Don.
862 3468 914 3519 p.
955 3452 1122 3512 1793,
1193 3450 1412 3505 Cledon.
1461 3468 1513 3519 p.
1555 3451 1719 3515 18763
1777 3452 1950 3504 Vatic.
2003 3468 2080 3503 au
2126 3455 2268 3503 tutu.

38 3521 96 3584 3)
133 3521 230 3576 Sic
269 3524 478 3586 Vatic.;
527 3527 577 3574 et
612 3527 795 3574 tamen
830 3521 984 3577 codd.
1023 3523 1144 3586 alii;
1200 3521 1495 3588 quaerebas
1529 3523 1720 3577 Faern.
1767 3538 1912 3589 susp.
2088 3521 2145 3589 4)
2183 3521 2273 3575 Sic

37 3588 179 3645 Gell.
227 3594 309 3649 N.
357 3594 473 3647 Att.
509 3592 647 3646 XIII
684 3593 781 3658 21;
829 3592 981 3646 codd.
1033 3609 1215 3646 omnes
1262 3591 1350 3645 hic
1398 3596 1453 3645 et
1490 3592 1635 3644 infra
1670 3592 1876 3659 caliyis.
2030 3645 2031 3648 ,
2091 3594 2146 3657 5)
2184 3592 2272 3645 Sic

33 3660 237 3727 Halm3
281 3663 340 3716 in
377 3664 551 3716 Vatic.
592 3664 918 3732 praepositio
957 3662 1131 3726 deest3
1169 3663 1331 3729 vulgo
1367 3679 1403 3713 a
1438 3679 1565 3728 qua.
1708 3663 1762 3729 6)
1800 3661 1893 3715 ‘Sic
1930 3661 2040 3717 cod.
2078 3662 2271 3723 Vatic.;

33 3730 172 3784 dett.
221 3733 386 3787 codd.
426 3736 482 3786 et
518 3732 657 3787 Gell.
696 3733 731 3787 1.
772 3750 816 3786 c.
850 3733 1107 3786 involuta
1212 3734 1265 3797 7)
1301 3732 1482 3800 Vulgo
1520 3748 1637 3785 cum
1679 3731 1812 3786 Gell.
1853 3736 1907 3784 et
1944 3731 2080 3785 dett.
2118 3731 2269 3786 codd.

32 3799 256 3856 addunt
297 3802 595 3855 deducitur.
755 3803 811 3869 8)
853 3802 993 3856 illim
1033 3802 1307 3867 Lambin.;
1345 3804 1401 3856 in
1439 3801 1562 3856 Vat.
1600 3805 1682 3856 est
1713 3801 1798 3855 ula·
1833 3818 1978 3866 ‘nom
2014 3802 2174 3869 vulgo
2210 3819 2271 3855 ex
2307 3813 2311 3818 ’

29 3873 168 3923 cett.
212 3873 370 3926 codd.
408 3874 580 3926 illiue.
