2669 4354
428 250 550 306 366
1122 262 1341 302 ORATIO
1386 264 1641 301 prmum».
1687 261 1959 301 snchDA

425 437 578 510 quod
622 453 715 495 me
757 437 983 510 arguis,
1045 436 1290 494 voluisse
1347 432 1595 493 interfici
1643 434 1955 494 Caesarem
2017 435 2235 493 crimen
2298 435 2404 508 sit,
2463 433 2594 492 etiam

426 526 705 584 laetatum
750 541 876 584 esse
924 530 1107 582 morte
1156 522 1424 581 Caesaris
1466 524 1686 581 crimen
1731 527 1901 582 esse‘?
2005 522 2153 595 Quid
2199 522 2356 580 enim
2398 522 2596 580 interest
2638 536 2639 597 3

427 615 583 672 inter
627 629 918 671 suasorem
944 607 995 690 ¹)
1049 609 1190 669 facti
1247 616 1308 669 et
1364 612 1773 684 probatorem?
1832 616 1933 669 aut
1992 610 2129 683 quid
2186 611 2398 684 refert,
2450 615 2595 668 utrum

427 702 709 760 voluerim
751 697 880 757 fieri
931 717 1007 758 an
1052 698 1340 771 gaudeam
1382 698 1644 757 factum?
1749 700 1964 772 Ecquis
2027 704 2117 756 est
2165 699 2346 771 igitur
2391 697 2596 768 exceptis

428 790 499 848 iis
523 784 603 869 ²),
657 789 756 861 qui
811 787 974 845 illum
1016 802 1265 861 regnare
1314 786 1670 861 gaudebant,
1731 788 1828 858 qui
1873 787 2017 844 illud
2061 791 2163 844 aut
2206 784 2337 845 fieri
2395 785 2596 845 noluerit

430 882 530 935 aut
572 876 791 935 factum
830 876 1208 948 improbarit?
1316 875 1530 934 Omnes
1589 891 1726 947 ergo
1784 875 1847 931 in
1901 876 2096 948 culpa;
2166 878 2387 933 etenim
2447 888 2597 933 omnes

427 965 592 1038 boni,
655 968 930 1037 quantum
974 965 1035 1021 in
1079 964 1219 1036 ipsis
1265 962 1405 1033 fuit,
1480 961 1791 1021 Caesarem
1834 962 2190 1021 occiderunt.
2309 962 2459 1020 Aliis
2507 976 2598 1018 con·
2640 952 2641 955 ’

329 1052 412 1110 30
431 1053 646 1124 silium,
686 1052 814 1110 aliis
855 1052 1109 1125 animus,
1166 1051 1296 1108 aliis
1346 1052 1574 1110 occasio
1614 1048 1823 1108 defuit:
1878 1052 2143 1110 voluntas
2187 1052 2424 1109 nemini.
2521 1045 2600 1107 Sed

432 1146 724 1212 stuporem
787 1140 1060 1213 hominis,
1137 1140 1231 1197 vel
1297 1138 1484 1197 dicam
1508 1133 1560 1218 3)
1610 1138 1878 1211 pecudiS,
1955 1139 2272 1213 attendite,
2348 1139 2430 1196 sic
2496 1136 2603 1196 enim

430 1228 601 1286 dixit:
678 1227 947 1301 ‘Brutus,
1021 1244 1191 1299 quem
1261 1242 1370 1299 ego
1441 1227 1675 1284 honoris
1743 1243 1920 1284 causa
1985 1229 2246 1300 nomino,
2346 1231 2604 1285 cruentum

430 1316 740 1390 pugionem
784 1320 992 1374 tenens
1037 1314 1378 1392 Ciceronem
1425 1314 1796 1388 exclamavit3
1860 1331 1930 1372 ex
1985 1332 2096 1388 quo
2155 1315 2418 1387 intellegi
2471 1314 2607 1372 debet

433 1421 565 1462 eum
612 1403 900 1461 conscium
935 1399 1156 1462 fuisse’.
1226 1402 1387 1476 Ergo
1435 1420 1542 1476 ego
1586 1403 1904 1461 sceleratus
1951 1403 2214 1476 appellor
2258 1419 2295 1460 a
2339 1407 2428 1476 te,
2476 1416 2606 1474 quem
2642 1456 2643 1477 χ

430 1499 494 1550 tu
552 1491 902 1564 suspicatum
977 1490 1196 1563 aliquid
1258 1490 1596 1564 suspicaris:
1658 1490 1787 1564 ille,
1856 1491 1954 1563 qui
2013 1491 2328 1548 stillantem
2384 1506 2522 1563 prae
2565 1503 2605 1543 se

430 1580 739 1653 pugionem
796 1579 959 1653 tulit,
1030 1580 1081 1636 is
1143 1596 1178 1636 a
1237 1582 1297 1636 te
1348 1578 1583 1637 honoris
1638 1595 1814 1636 causa
1867 1581 2240 1654 nominatur?
2339 1578 2511 1648 Esto,
2556 1576 2605 1633 sit

420 1669 494 1733 in
536 1667 731 1726 verbis
775 1668 890 1724 tuis
932 1667 1029 1724 hic
1075 1671 1308 1737 stupor-2
1369 1672 1584 1738 quanto
1630 1667 1690 1722 in
1735 1666 1909 1724 rebus
1963 1667 2386 1739 sententiisque
2440 1657 2638 1724 mai0r1'

432 1755 731 1813 Constitue
792 1755 927 1827 hoc,
997 1754 1214 1827 consul,
1292 1754 1630 1826 aliquando,
1705 1754 2042 1825 Brutorum,
2123 1752 2186 1812 C.
2252 1754 2468 1828 Cassii,
2539 1750 2645 1815 Cn&

430 1843 699 1915 Domitii,
778 1841 841 1900 C.
901 1842 1218 1915 ‘Trebonii,
1297 1843 1651 1914 reliquorum
1731 1858 1900 1915 quam
1966 1841 2111 1899 velis
2180 1858 2309 1901 esse
2386 1850 2645 1901 causam:'

430 1931 653 1990 edormi
721 1931 1042 2003 crapulam,
1108 1931 1368 2002 inquam,
1436 1936 1499 1987 et
1569 1930 1750 1988 exala.
1869 1929 1963 1987 An
2030 1929 2191 1988 faces
2251 1929 2607 1990 admovendae

430 2024 596 2092 sunt,
650 2034 797 2090 quae
844 2023 905 2074 te
923 2012 977 2097 ⁴)
1021 2017 1278 2076 excitent
1337 2022 1536 2076 tantae
1598 2032 1808 2076 causae
1865 2017 2354 2076 indormientem?
2468 2018 2611 2075 Num·

430 2123 679 2181 quamne
724 2107 1030 2181 intelleges
1090 2104 1458 2164 statuendum
1518 2106 1625 2164 tibi
1673 2121 1828 2180 esse,
1891 2111 2082 2164 utrum
2143 2107 2258 2182 illi,
2318 2108 2420 2180 qui
2475 2107 2610 2164 istam

327 2186 413 2254 13
430 2212 555 2254 rem
602 2199 944 2269 gesserunt,
1004 2193 1327 2252 homicidae
1377 2196 1493 2253 sint
1541 2211 1616 2252 an
1659 2194 1915 2253 vindices
1962 2195 2293 2254 libertatis?
2394 2192 2609 2253 Attende

329 2282 408 2339 31
433 2285 586 2342 enim
625 2283 920 2356 paulisper
977 2283 1500 2355 cogitationemque
1563 2282 1740 2340 sobrii
1788 2283 2036 2342 hominis
2093 2288 2373 2355 punctum
2430 2289 2610 2355 tempo-

429 2372 512 2429 ris
556 2372 805 2444 suscipe.
893 2370 1048 2443 Ego,
1108 2371 1205 2442 qui
1252 2387 1377 2428 sum
1422 2370 1681 2444 illorum,
1741 2376 1805 2428 ut
1863 2372 1988 2444 ipse
2050 2370 2262 2443 fateor,
2328 2370 2612 2438 familiaris,

430 2469 494 2517 ut
539 2475 575 2517 a
619 2464 681 2517 te
727 2474 967 2532 arguor,
1024 2459 1239 2532 sociuS,
1299 2475 1451 2533 nego
1497 2460 1803 2532 quicquam
1850 2476 1978 2518 esse
2035 2458 2315 2517 medium:
2378 2457 2615 2518 confiteor

432 2563 557 2621 eOS,
621 2546 733 2605 nisi
777 2546 1122 2604 liberatores
1176 2548 1379 2620 populi
1422 2546 1666 2605 Romani
1708 2552 2257 2621 conservatoresque
2320 2549 2411 2607 rei
2462 2546 2616 2621 publi-

430 2652 535 2694 cae
584 2635 727 2709 sint,
782 2635 907 2707 plus
952 2650 1126 2707 quam
1167 2635 1437 2704 sicariOS,
1494 2639 1625 2708 plus
1671 2651 1839 2707 quam
1880 2634 2222 2709 homicidaS,
2281 2637 2412 2708 plus
2472 2636 2617 2693 etiam

432 2738 603 2796 quam
647 2720 968 2796 parricidas
1014 2738 1170 2795 esse,
1230 2722 1278 2780 si
1321 2723 1558 2794 quidem
1605 2727 1694 2781 est
1749 2723 2003 2782 atrocius
2062 2723 2291 2796 patriae
2348 2726 2618 2798 parentem

430 2827 604 2884 quam
648 2827 812 2869 suum
855 2809 1137 2868 occidere.
1244 2810 1363 2884 Tu,
1424 2811 1593 2869 homo
1655 2812 1886 2883 sapiens
1944 2816 2007 2869 et
2059 2812 2452 2885 considerate,
2503 2807 2619 2882 quid

430 2899 613 2957 dicis?
657 2898 707 2956 si
751 2898 1074 2971 parricidas
1092 2891 1176 2976 ⁵),
1236 2915 1340 2956 cur
1385 2899 1617 2957 honoris
1664 2915 1838 2963 causa
1897 2915 1933 2957 a
1992 2904 2053 2957 te
2117 2904 2254 2956 sunt
2301 2904 2364 2957 et
2421 2900 2480 2957 in
2531 2898 2619 2954 hoc

430 2986 634 3045 ordine
696 2991 758 3044 et
814 2985 970 3058 apud
1027 2986 1300 3059 populum
1356 2985 1673 3045 Romanum
1739 3004 1969 3061 semper
2031 2987 2353 3060 appellati?
2410 3004 2505 3045 cur
2556 2984 2620 3041 Μ.

428 3075 643 3133 Brutus
688 3073 986 3133 referente
1029 3081 1089 3132 te
1139 3074 1365 3147 legibus
1413 3079 1503 3132 est
1556 3075 1801 3149 solutus,
1852 3076 1901 3133 si
1963 3076 2036 3133 ab
2090 3074 2236 3133 urbe
2299 3077 2427 3149 plus
2478 3089 2620 3147 quam

430 3163 632 3221 decem
676 3162 803 3220 dies
848 3161 1133 3220 afuisset?
1204 3177 1307 3219 cur
1368 3161 1490 3219 ludi
1527 3162 1897 3235 Apollinares
1960 3163 2290 3221 incredibili
2341 3164 2425 3222 M.
2481 3160 2621 3219 Bruti

428 3252 647 3309 honore
702 3249 1023 3308 celebrati?
1099 3264 1202 3306 cur
1256 3249 1593 3322 provinciae
1653 3251 1834 3309 Bruto
1851 3297 1867 3326 ,
1925 3250 2122 3309 Cassio
2143 3244 2196 3331 6)
2257 3251 2475 3310 datae?
2541 3264 2623 3305 cur

571 3528 624 3594 1)
660 3527 935 3592 fautorem
971 3525 1107 3579 coni.
1147 3525 1376 3595 Campe,
1414 3542 1540 3579 ann.
1580 3525 1667 3595 ph.
1707 3527 1792 3594 91,
1832 3525 1949 3581 168.
1993 3526 2083 3580 cfr.
2120 3527 2152 3593 ς
2191 3526 2275 3583 21.
2466 3526 2516 3593 2)
2552 3523 2623 3577 sio

429 3595 628 3658 Vatic.;
661 3597 824 3665 vulgo
862 3612 925 3649 ex
966 3596 1097 3649 dett.
1138 3596 1348 3664 aliquot
1383 3595 1532 3651 codd.
1570 3602 1620 3649 te
1654 3603 1869 3663 excepto
1904 3603 1954 3650 et
1986 3596 2075 3649 iia
2282 3599 2337 3665 3)
2376 3613 2441 3650 ne
2467 3595 2621 3648 dicam

430 3666 567 3720 coni.
603 3666 912 3719 Lambinus.
1124 3667 1180 3733 4)
1229 3672 1309 3731 te,
1375 3666 1516 3735 quod
1553 3665 1719 3721 deest}¹
1758 3667 1814 3719 in
1849 3667 1973 3721 Vat.
2016 3684 2047 3720 a
2084 3666 2257 3734 prima
2303 3685 2489 3729 manu,
2536 3663 2620 3717 del.

430 3735 621 3796 Halm,
678 3734 972 3788 Eberhard.
1185 3737 1240 3802 5)
1288 3736 1395 3801 Qui
1430 3753 1537 3790 non
1575 3737 1959 3790 intellexerunt
1992 3738 2225 3805 pendere
2261 3737 2389 3793 haec
2425 3754 2456 3791 a
2489 3735 2620 3789 verbo

433 3803 594 3864 dicis,
647 3807 702 3858 et
737 3804 788 3856 h.
829 3805 865 3858 l.
895 3804 1217 3869 parricidae
1253 3809 1307 3859 et
1345 3807 1488 3861 infra
1529 3806 1828 3859 homicidae
1862 3809 2210 3875 scripserunt.
2446 3809 2497 3876 6)
2548 3803 2620 3857 Sic

433 3890 496 3925 ex
531 3873 654 3926 Vat.
694 3874 1006 3941 scripsimus
1017 3896 1031 3937 ;
1071 3876 1233 3944 vulgo
1271 3877 1455 3930 Bruto
1491 3881 1540 3929 et
1579 3877 1799 3944 Cassio,
1838 3878 1979 3944 quod
2022 3880 2122 3931 ret.
2158 3877 2340 3931 Halm.
