2669 4354
885 260 1068 299 LIBER
1113 259 1399 309 QVARTVS,
2128 244 2164 301 3
2177 247 2202 299 1
2217 245 2253 301 9

86 449 241 490 {orum
284 449 466 507 regno
510 449 578 490 ac
625 433 851 491 dicione
899 439 1047 492 sunt.
1139 433 1288 490 Nam
1350 449 1518 506 reges
1566 431 1793 505 Syriae,
1855 433 2011 505 regis
2055 433 2356 492 Antio-61

86 520 145 577 zhi
183 519 322 579 filios
377 538 620 594 pueros,
675 521 834 579 scitis
880 519 1099 578 Romae
1154 536 1340 593 nuper
1395 520 1603 594 fuisse,
1655 521 1753 592 qui
1797 526 2080 578 venerant
2140 536 2256 577 non

84 615 277 681 propter
322 610 526 682 Syriae
586 625 825 682 regnum
878 641 957 648 —
1006 625 1139 666 nam
1185 609 1244 666 id
1288 609 1412 666 sine
1462 609 1854 666 controversia
1901 608 2258 681 obtinebant,

84 704 118 752 it
151 713 182 753 a
221 702 386 769 patre
435 704 495 753 et
553 713 588 753 a
630 697 940 754 maioribus
993 702 1345 769 acceperant
1409 729 1490 735 —-
1550 696 1654 753 sed
1713 713 1956 770 regnum
2007 696 2259 769 Aegypti

84 784 128 841 id
182 800 240 841 se
301 791 360 842 et
417 785 490 842 ad
537 783 821 854 Selenen,
883 790 1124 842 matrem
1190 799 1382 856 suam,
1447 784 1744 855 pertinere
1808 783 2254 842 arbitrabantur.

84 873 109 928 [i
147 878 514 945 posteaquam
540 866 589 949 ¹)
645 871 1003 944 temporibus
1062 874 1152 929 rei
1219 871 1482 943 publicae
1549 871 1764 929 exclusi
1819 888 1926 943 per
1993 876 2258 929 senatum

84 975 214 1032 igere
291 977 441 1033 quae
504 961 808 1018 voluerant
875 976 988 1017 non
1051 966 1398 1032 potuerunt,
1483 960 1544 1015 in
1609 959 1832 1031 Syriam
1906 960 1967 1015 in
2017 975 2256 1030 regnum

84 1050 290 1119 patrium
346 1048 594 1121 profecti
653 1053 803 1105 sunt.
912 1048 1130 1105 Eorum
1198 1048 1375 1119 alter,
1451 1047 1548 1118 qui
1613 1048 1932 1104 Antiochus
2004 1053 2257 1119 vocatur,

85 1142 157 1191 ,ter
195 1153 303 1209 per
349 1135 607 1194 Siciliam
647 1136 841 1193 facere
895 1135 1099 1208 voluit,
1155 1135 1352 1206 itaque
1397 1134 1508 1191 isto
1566 1141 1837 1206 praetore
1886 1136 2045 1192 venit
2089 1134 2257 1207 Syra-

84 1239 221 1281 :usas
311 1224 423 1281 Hic
470 1224 684 1281 Verres
730 1224 1119 1282 hereditatem
1167 1223 1278 1279 sibi
1323 1222 1550 1280 venisse
1595 1223 1910 1280 arbitratus
1949 1229 2062 1294 est,
2109 1222 2260 1294 quod
2282 1227 2361 1283 62

87 1330 115 1368 11
158 1313 277 1370 eius
338 1329 583 1386 regnum
646 1327 713 1368 ac
776 1328 976 1369 manus
1041 1315 1286 1367 venerat
1344 1311 1422 1383 is,
1485 1326 1655 1381 quem
1709 1311 1818 1368 iste
1878 1316 1936 1367 et
1994 1310 2261 1369 audierat

85 1400 221 1457 nulta
276 1416 473 1458 secum
517 1400 824 1472 praeclara
883 1399 1100 1456 habere
1168 1403 1228 1455 et
1281 1397 1701 1470 suspicabatur.
1806 1398 1988 1455 Mittit
2045 1398 2261 1455 homini

84 1504 283 1546 munera
343 1489 484 1546 satis
539 1489 733 1561 large,
811 1487 955 1546 haec
1013 1486 1086 1545 ad
1149 1502 1312 1543 usum
1374 1485 1744 1543 domesticum
1771 1479 1850 1563 ²):
1923 1485 2064 1558 olei,
2140 1486 2260 1543 vini

84 1575 188 1645 luod
231 1578 416 1634 visum
464 1582 580 1647 est,
639 1576 814 1633 etiam
859 1575 1039 1632 tritici
1089 1574 1239 1645 quod
1285 1573 1427 1632 satis
1468 1579 1651 1646 esset,
1705 1573 1776 1631 de
1822 1573 1939 1631 suis
1983 1573 2259 1634 decumis,

82 1661 264 1722 Deinde
297 1666 484 1736 ipsum
509 1658 769 1742 regem3)
801 1663 875 1721 ad
908 1679 1110 1720 cenam
1142 1662 1392 1719 vocavit:
1442 1666 1682 1718 exornat
1712 1660 1899 1731 ample
1931 1659 2259 1735 magnifice-

83 1767 154 1821 1ue
198 1753 538 1822 triclinium3
599 1754 835 1823 exponit
880 1766 986 1824 ea,
1042 1750 1247 1822 quibus
1308 1748 1669 1821 abundabat,
1724 1749 1969 1820 plurima
2015 1756 2076 1805 et
2133 1749 2258 1821 pul-

82 1837 326 1897 :hen-ima
371 1855 510 1897 vasa
568 1844 846 1912 argentea
897 1870 970 1879 -·-
1024 1855 1156 1895 nam
1201 1838 1347 1895 haec
1386 1852 1564 1894 aurea
1608 1835 1857 1893 nondum
1903 1833 2123 1893 fecerat
2174 1867 2256 1876 ——

83 1928 304 1986 >mnibus
370 1934 537 1985 curat
598 1928 772 1984 rebus
837 1928 1176 1983 instructum
1224 1932 1283 1982 et
1340 1930 1607 1998 paratum
1664 1929 1727 1980 ut
1784 1924 1859 1981 sit
1924 1924 2257 1981 convivium.

82 2012 194 2082 Quid
255 2017 482 2073 multa?
572 2014 696 2072 Rex
743 2016 825 2071 ita
870 2013 1164 2087 discessit,
1234 2018 1297 2069 ut
1358 2020 1419 2071 et
1480 2014 1652 2069 istum
1710 2011 1937 2084 copiose
1995 2016 2258 2069 ornatum

82 2107 116 2157 it
153 2120 208 2161 se
250 2100 569 2161 honorifice
609 2109 909 2175 acceptum
954 2102 1357 2159 arbitraretur.
1448 2100 1632 2157 Vocat
1680 2099 1754 2156 ad
1801 2115 2002 2157 cenam
2048 2099 2260 2157 deinde

82 2190 173 2260 ipse
215 2198 577 2266 praetorem:
644 2193 876 2263 exponit
920 2206 1053 2247 suas
1113 2190 1307 2262 copias
1364 2206 1593 2260 omneS,
1649 2189 1888 2245 multum
1940 2193 2259 2262 argentum,

82 2295 163 2335 non
205 2296 390 2354 pauca
439 2281 616 2337 etiam
660 2281 867 2353 pocula
930 2295 999 2336 ex
1060 2294 1237 2351 auro,
1307 2294 1485 2351 quae,
1551 2283 1613 2334 ut
1654 2293 1776 2334 mos
1826 2282 1913 2334 est
1958 2278 2154 2347 regius
2201 2282 2260 2335 et

82 2368 286 2426 maxime
333 2370 394 2424 in
426 2369 619 2441 Syria,
665 2368 902 2441 gemmis
951 2372 1120 2424 erant
1164 2365 1437 2423 distincta
1484 2365 1829 2422 clarissimis,
1898 2364 2044 2421 Erat
2086 2365 2260 2422 etiam

82 2469 148 2509 ‘fas
187 2457 466 2514 vinarium
489 2449 562 2534 ⁴),
632 2473 699 2512 ex
761 2471 874 2512 una
926 2470 1154 2527 gemma
1209 2453 1523 2527 pergrandi
1579 2452 1755 2509 trulla
1814 2459 2090 2511 excavata
2143 2469 2261 2510 ma-

83 2542 244 2601 mbrio
263 2538 316 2623 5)
377 2561 585 2617 aureo,
657 2543 729 2600 de
785 2559 926 2615 qua,
997 2541 1200 2612 cred0‚
1269 2542 1410 2599 satis
1463 2540 1768 2612 idoneum,
1831 2541 1971 2597 satis
2028 2556 2262 2612 gravem

82 2636 251 2688 estem
296 2632 362 2702 Q.
407 2631 727 2689 Minucium
783 2630 981 2688 dicere
1037 2629 1294 2687 audistis,
1417 2628 1535 2686 Iste
1602 2644 1775 2684 unum
1835 2627 2100 2699 quodque
2162 2644 2261 2685 vas
2284 2636 2363 2692 63

85 2734 113 2771 n
152 2736 346 2777 manus
378 2735 609 2778 sumere
631 2764 645 2793 ,
691 2718 965 2791 laudare,
1012 2718 1228 2775 mirari.
1319 2715 1446 2773 Rex
1476 2715 1733 2787 gaudere
1779 2716 2035 2787 praetori
2064 2715 2263 2787 populi

80 2802 285 2865 Romani
328 2809 470 2866 satis
513 2806 825 2864 iucundum
874 2812 936 2864 et
979 2811 1209 2879 gratum
1255 2804 1398 2861 illud
1443 2820 1570 2860 esse
1620 2803 1957 2870 convivium.
2024 2803 2262 2860 Postea-

80 2909 214 2961 [uam
257 2896 390 2953 inde
438 2895 755 2953 discessum
820 2901 938 2968 est,
999 2894 1254 2965 cogitare
1318 2892 1461 2948 nihil
1523 2892 1634 2949 iste
1691 2890 1875 2963 aliud,
1935 2891 2084 2961 quod
2139 2890 2265 2962 ipsa

80 2997 143 3036 ·es
180 2983 520 3055 declaravit,
578 2983 690 3040 nisi
738 2999 911 3054 quem
958 2980 1032 3039 ad
1078 2980 1308 3039 modum
1354 2995 1552 3052 regem
1600 2995 1670 3035 ex
1714 2978 2009 3050 provincia
2055 2978 2265 3050 spolia-

85 3084 165 3125 um
224 3072 651 3144 expilatumque
717 3070 1056 3127 dimitteret.
1173 3068 1362 3125 Mittit
1421 3072 1683 3139 rogatum
1741 3081 1879 3123 vasa
1942 3081 2038 3138 ea,
2115 3081 2263 3137 quae

81 3157 428 3217 ›ulcherrima
482 3158 635 3230 apud
697 3174 825 3214 cum
892 3157 1157 3229 viderat3
1228 3157 1310 3214 ait
1369 3171 1430 3212 sc
1507 3155 1623 3212 suis
1683 3153 2070 3212 caelatoribus
2116 3153 2263 3210 velle

80 3246 366 3307 ›stendere.
459 3246 613 3319 Rex,
668 3246 764 3318 qui
809 3246 974 3302 illum
1008 3239 1059 3323 6)
1107 3260 1219 3301 non
1265 3249 1499 3316 nosset,
1575 3242 1698 3299 sine
1760 3242 1877 3299 ulla
1938 3241 2263 3313 suspicione

243 3517 293 3582 1)
343 3514 402 3566 Ii
448 3519 806 3581 posteaquam
846 3511 1033 3570 Halm;
1097 3510 1212 3564 cod.
1263 3512 1399 3578 Reg.
1457 3528 1489 3564 a
1520 3529 1600 3580 pr.
1654 3528 1723 3567 m.
1773 3510 2268 3577 hiipsosteaquam;

81 3583 215 3650 xulgo
251 3585 306 3636 hi
340 3584 450 3652 ipsi
478 3589 676 3651 postea
714 3599 896 3648 quam.
999 3583 1052 3648 2)
1095 3581 1183 3633 Sic
1220 3581 1481 3634 Garatoni
1521 3583 1697 3635 locum
1735 3580 2014 3641 distinxit,
2051 3580 2086 3632 i.
2128 3597 2171 3633 e.
2217 3585 2271 3633 et

81 3669 109 3703 n
143 3654 215 3707 iis
247 3655 546 3709 muneribus
580 3654 713 3706 haec
753 3653 818 3704 ad
854 3669 1011 3704 usum
1051 3651 1417 3705 domesticum.
1494 3653 1548 3719 3)
1585 3668 1759 3718 reyem
1791 3651 1937 3704 Bake
1977 3653 2032 3702 ot
2066 3651 2271 3719 Kayser

79 3739 171 3777 inc.
198 3724 323 3778 incl.
413 3728 469 3792 4)
506 3741 606 3777 vas
643 3723 926 3776 vinarium
963 3739 1081 3775 unc.
1108 3722 1234 3775 incl.
1263 3722 1498 3787 Kayser;
1539 3721 1763 3774 Richter
1791 3721 1964 3774 trulla
1991 3736 2102 3772 eaec.
2132 3721 2272 3774 delet

78 3797 108 3844 =t
141 3794 207 3845 de
245 3811 341 3860 quo
378 3794 580 3848 scribit.
773 3796 828 3859 5)
878 3793 1056 3859 Vulgo
1095 3808 1216 3844 cum
1262 3790 1558 3845 manubrio
1610 3809 1670 3845 ex
1721 3792 1854 3845 dett.
1899 3790 2077 3855 libris,
2130 3790 2270 3857 quod

79 3862 296 3918 leiendit
327 3865 577 3920 Handius
614 3864 768 3918 Turs.
807 3863 878 3926 ΙΙ,
917 3881 968 3930 p.
999 3863 1125 3925 144,
1165 3878 1268 3915 rec.
1309 3863 1536 3931 Kayser.
1680 3863 1733 3931 6)
1772 3861 1927 3915 illum
1965 3860 2078 3914 cod.
2116 3861 2270 3927 R·eg.;
