2669 4354
418 252 542 309 298
1183 267 1464 309 aocvsxr.
1510 269 1579 309 m
1616 267 1869 309 111111Βο111

413 442 660 500 Romani
681 435 731 521 1)
787 441 1092 514 quadridui
1134 457 1312 500 causa
1370 459 1476 515 per
1527 442 1955 500 simulationem
2002 442 2320 501 aedilitatis
2338 487 2351 513 ,
2404 442 2608 500 domum

357 545 392 601 7
414 530 623 589 deinde
677 535 851 602 atque
916 529 991 588 ad
1051 546 1186 588 suas
1245 531 1413 588 villas
1475 530 1839 589 auferebant.
1961 531 2125 588 Haec
2188 533 2414 604 omnia,
2477 546 2608 603 quae

412 619 561 692 dixi,
608 618 799 692 signa,
845 617 1102 690 111111008,
1148 618 1221 676 ab
1269 619 1418 676 Heio
1463 634 1499 675 e
1519 614 1573 698 ²)
1630 619 1884 676 sacrario
1930 618 2144 676 Verres
2191 619 2454 678 abstulit:
2501 621 2610 675 nul-

411 707 559 779 lum,
604 707 865 780 inquam,
911 706 1115 763 horum
1160 706 1396 778 reliquit
1414 751 1428 779 ,
1489 722 1680 779 neque
1728 705 1885 764 aliud
1927 708 2103 764 ullum
2142 712 2340 765 tamen
2399 712 2611 779 praeter

411 811 586 852 unum
627 798 903 873 pervetus
947 794 1231 867 ligneum,
1278 794 1500 852 Bonam
1538 794 1885 867 Fortunam,
1938 801 2004 852 ut
2049 796 2283 868 opinor3
2347 812 2474 854 eam
2513 797 2607 851 iste

412 882 631 940 habere
677 881 832 939 domi
877 898 1035 946 suae,
1065 882 1266 940 noluit.

348 978 394 1042 4
595 969 709 1028 Pro
764 969 936 1028 deum
992 969 1397 1043 hominumque
1453 966 1653 1028 fidem!
1718 970 1857 1041 quid
1917 970 2024 1028 hoc
2083 974 2218 1028 est‘?
2277 987 2429 1044 quae
2486 963 2611 1028 haec

414 1074 591 1116 causa
635 1062 755 1130 est,
816 1074 966 1129 quae
1002 1058 1115 1116 ista
1158 1057 1556 1129 impudentia?
1648 1057 1808 1129 Quae
1874 1058 2004 1116 dico
2066 1059 2261 1132 signa,
2323 1064 2611 1132 antequam

414 1146 516 1203 abs
574 1151 632 1203 te
679 1145 903 1204 sublata
948 1152 1112 1219 sunt,
1170 1146 1501 1205 Messanam
1562 1162 1691 1202 cum
1750 1147 1993 1219 imperio
2049 1163 2220 1204 nemo
2273 1148 2440 1205 venit
2494 1148 2611 1220 quin

412 1233 617 1291 viserit
638 1227 707 1312 ³).
797 1233 909 1291 Tot
952 1239 1255 1305 praetores
1274 1280 1289 1307 ,
1353 1240 1441 1292 tot
1494 1234 1762 1291 consules
1821 1235 1883 1291 in
1929 1233 2127 1292 Sicilia
2182 1252 2314 1293 cum
2373 1236 2438 1292 in
2490 1251 2613 1308 pace

415 1327 536 1379 tum
576 1321 752 1380 etiam
797 1322 858 1378 in
903 1321 1056 1379 bello
1100 1320 1364 1395 fuerunt,
1423 1325 1508 1379 tot
1556 1322 1818 1379 homines
1860 1323 2141 1394 cuiusque
2188 1323 2340 1382 modi
2388 1356 2471 1363 —
2515 1339 2613 1380 non

414 1409 620 1482 loquor
664 1409 736 1467 de
781 1410 1055 1482 integris,
1112 1410 1543 1481 innocentibuS,
1598 1410 1887 1482 religiosis
1949 1441 2060 1483 —,
2118 1416 2206 1469 tot
2262 1412 2490 1485 cupidi,
2543 1418 2613 1468 tot

415 1497 694 1570 improbi,
761 1502 847 1554 tot
905 1497 1155 1556 audaces
1173 1542 1187 1568 ‚
1253 1514 1491 1570 quorum
1546 1513 1716 1555 nemo
1777 1498 1889 1556 sibi
1942 1503 2063 1556 tam
2106 1499 2451 1574 vehemenS,
2514 1506 2612 1556 tam

413 1594 620 1658 potens
636 1629 652 1658 ,
714 1590 833 1643 tam
892 1584 1102 1644 nobilis
1155 1586 1312 1644 visus
1369 1591 1488 1658 est,
1557 1586 1657 1656 qui
1719 1604 1791 1645 ex
1849 1586 1950 1643 illo
2003 1588 2262 1645 sacrario
2329 1590 2610 1661 quicquam

414 1689 656 1746 poscere
706 1679 809 1731 aut
854 1674 1058 1731 tollere
1105 1680 1205 1731 aut
1250 1675 1542 1746 attingere
1589 1673 1850 1732 auderet.
1953 1674 2171 1732 Verres
2216 1676 2373 1748 quod
2416 1677 2608 1747 ubique

415 1763 532 1820 erit
572 1761 1026 1834 pulcherrimum
1069 1761 1339 1820 auferet?
1374 1763 1518 1820 nihil
1562 1760 1782 1820 habere
1826 1763 2095 1834 cuiquam
2136 1769 2452 1836 praeterea
2491 1765 2610 1821 lice-

415 1849 538 1907 bit‘?
596 1854 683 1907 tot
734 1848 932 1906 domus
986 1850 1463 1921 locupletissimas
1510 1850 1707 1908 domus
1751 1851 1917 1908 istius
1939 1844 1995 1930 ⁴)
2040 1867 2156 1908 una
2216 1853 2455 1924 capiet?
2535 1850 2609 1908 Id-

416 1939 569 1995 circo
608 1953 778 1995 nemo
817 1937 1175 2009 superiorum
1220 1939 1443 2012 attigit,
1493 1943 1556 1994 ut
1600 1939 1693 1995 hic
1738 1939 2013 1996 tolleret?
2075 1939 2208 1997 ideo
2257 1940 2319 1997 C.
2362 1934 2608 1998 Claudius

416 2025 667 2083 Pulcher
710 2026 964 2097 rettulit,
1018 2032 1087 2082 ut
1133 2024 1193 2083 G.
1236 2025 1450 2084 Verres
1494 2031 1693 2098 posset
1735 2025 1972 2085 auferre
1991 2029 2019 2082 ’Β
2123 2027 2203 2084 Α1
2261 2044 2382 2086 11011
2441 2027 2608 2101 requi·
2642 2064 2643 2089 ;

327 2164 331 2168 .
416 2113 586 2172 rebat
637 2113 737 2170 ille
791 2112 1012 2186 Cupido
1074 2113 1298 2177 lenonis
1360 2115 1592 2173 domum
1654 2130 1723 2172 ac
1781 2115 2176 2172 meretriciam
2236 2115 2643 2192 disciplinam:

414 2201 590 2259 facile
656 2203 757 2260 illo
810 2204 1064 2260 sacrario
1124 2203 1315 2276 patrio
1375 2203 1808 2276 continebatur,
1883 2204 2031 2261 Heio
2093 2220 2155 2262 se
2220 2201 2258 2262 a'
2325 2207 2608 2265 maioribus

418 2290 684 2347 relictum
743 2306 874 2348 esse
943 2290 1165 2348 sciebat
1229 2292 1290 2347 in
1359 2291 1683 2349 hereditate
1751 2307 2079 2366 sacrorum,
2152 2308 2267 2350 non
2315 2293 2608 2367 quaerebat

419 2378 741 2446 meretricis
785 2377 1076 2437 heredem.
2636 2399 2641 2438 ι

361 2479 398 2536 8
596 2466 710 2524 Sed
754 2466 894 2537 quid
938 2483 1047 2538 ego
1094 2471 1211 2525 tam
1252 2468 1629 2525 vehementer
1671 2468 1957 2526 invehor?
2048 2467 2241 2526 Verbo
2287 2485 2403 2526 uno
2446 2468 2605 2540 repel-
2640 2495 2641 2522 l

419 2555 536 2611 lar:
600 2550 766 2610 ‘emi'
829 2554 1030 2626 inquit.
1134 2554 1211 2611 Di
1236 2549 1290 2634 5)
1347 2556 1726 2629 immortaleS,
1783 2557 2140 2629 praeclaram
2201 2555 2602 2615 defensionem!

418 2647 801 2700 mercatorem
847 2643 909 2698 in
962 2644 1316 2714 provinciam
1365 2660 1492 2701 cum
1553 2643 1797 2715 imperio
1858 2660 1925 2701 ac
1986 2644 2291 2703 securibus
2358 2646 2603 2702 misimus,

418 2730 613 2788 omnia
655 2731 753 2801 qui
799 2729 990 2804 signa,
1036 2729 1265 2789 tabulas
1310 2732 1527 2804 pictaS,
1578 2746 1746 2788 omne
1794 2738 2130 2805 argentum,
2183 2749 2423 2806 aurum,
2466 2732 2604 2794 ebur,

418 2834 675 2890 gemmas
721 2823 1043 2891 coemeret,
1105 2819 1249 2876 nihil
1295 2820 1563 2890 cuiquam
1607 2820 1996 2892 relinqueret!
2084 2821 2249 2879 Haec
2296 2823 2448 2879 enim
2488 2809 2639 2892 mihi}

416 2905 492 2963 ad
549 2897 741 2963 omnia
798 2905 1060 2964 defensio
1119 2905 1385 2979 patefieri
1442 2907 1700 2965 videtur:
1758 2909 1983 2966 emisse.
2085 2907 2347 2966 Primum
2367 2953 2380 2979 ,
2451 2909 2495 2964 si
2539 2905 2605 2974 id,

415 2994 565 3067 quod
609 2994 726 3066 viS,
786 2995 893 3052 tibi
939 3010 1046 3066 ego
1093 2995 1438 3068 concedam,
1499 3000 1564 3052 111
1608 2995 1851 3068 01110118,
1912 2998 2181 3068 quoniam
2238 2998 2301 3054 in
2357 3003 2472 3054 toto
2512 2995 2603 3051 hoc

413 3099 631 3157 genere
693 3080 802 3139 hac
863 3098 979 3139 una
1022 3082 1360 3142 defensione
1406 3098 1615 3140 usurus
1677 3100 1771 3156 08,
1829 3100 2071 3156 quaem,
2116 3086 2304 3142 cuius
2360 3084 2503 3142 modi
2550 3089 2603 3136 tu

413 3171 630 3228 iudicia
669 3170 889 3227 Romae
935 3172 1157 3242 putaris
1205 3187 1363 3242 esse,
1423 3172 1471 3228 si
1516 3171 1623 3229 tibi
1681 3171 1790 3228 hoc
1837 3189 2178 3244 quemquam
2225 3185 2601 3231 concessurum

410 3259 653 3332 putasti,
720 3264 779 3315 te
834 3259 896 3316 in
953 3264 1228 3330 praetura
1288 3263 1465 3331 atque
1536 3260 1778 3331 imperio
1824 3265 1912 3317 tot
1969 3276 2093 3333 108,
2149 3268 2269 3318 tam
2324 3261 2600 3333 pretiosas,

411 3362 611 3405 omnes
655 3346 907 3419 denique
954 3363 1079 3419 reS,
1127 3363 1275 3419 quae
1323 3348 1566 3405 alicuius
1611 3348 1784 3419 pretii
1831 3346 2050 3406 fuerint
2071 3343 2155 3428 6),
2213 3353 2339 3406 tota
2383 3366 2450 3406 ex
2490 3361 2596 3418 pro-

409 3450 601 3492 vincla
645 3450 940 3493 coemlsse.

587 3602 639 3667 1)
678 3600 875 3669 populi
911 3600 1155 3653 Romami
1200 3618 1299 3655 nos
1351 3601 1660 3654 addidimus
1709 3604 1802 3655 cfr.
1843 3600 1990 3669 §183
2037 3601 2150 3655 cod.
2187 3602 2312 3656 Vat.
2348 3603 2588 3657 sociorum

411 3674 571 3737 atque
603 3672 902 3724 amicorum
914 3692 935 3733 ,·
972 3673 1137 3739 vulgo
1175 3688 1236 3725 ex
1276 3676 1376 3726 001.
1416 3672 1566 3726 codd.
1606 3673 1896 3726 sociorum.
1948 3672 2148 3725 Miiller
2176 3677 2337 3741 atque
2361 3690 2460 3727 am.
2494 3684 2586 3722 unc.

410 3742 535 3793 incl.
704 3742 758 3807 2)
797 3742 862 3793 de
902 3742 1096 3805 Halm,
1130 3743 1407 3795 Eberhard
1446 3760 1507 3796 ex
1544 3743 1667 3795 Vat.
1802 3745 1874 3810 —3)
1914 3744 2103 3795 viserit
2150 3743 2218 3796 de
2253 3745 2453 3798 Baiteri
2481 3739 2589 3795 coni·

410 3811 600 3873 Halm,
659 3810 928 3864 Eberhard
946 3853 959 3874 ,
1010 3813 1234 3876 Miiller3
1286 3812 1479 3865 viderit
1524 3813 1675 3867 codd.
1888 3814 1945 3880 4)
1990 3815 2156 3865 istius
2208 3814 2400 3868 domus
2440 3811 2589 3866 Halm.

411 3879 686 3931 Eberhard
723 3897 782 3932 ex
819 3880 990 3934 Vatic.
1089 3927 1092 3930 .
1134 3885 1188 3950 5)
1229 3883 1425 3948 Orelli,
1466 3883 1658 3936 Miiller
1692 3899 1811 3934 cum
1850 3884 1957 3936 det.
1998 3885 2044 3934 0
2080 3884 2177 3938 dii.
2308 3888 2363 3944 6)
2395 3883 2588 3951 summ!
