2669 4354
935 266 1048 305 PRo
1092 264 1363 306 MVRENA.
2131 245 2253 304 155

87 439 213 496 locus
238 433 285 519 ¹)
330 440 616 514 tributim,
664 443 725 498 et
742 433 795 519 2)
839 441 980 498 item
1022 439 1267 513 prandia
1312 439 1362 496 si
1406 440 1572 511 volgo
1615 442 1808 496 essent
1837 438 1975 494 data
1994 481 2009 509 ,
2056 440 2258 494 contra

86 527 239 599 legem
269 526 635 601 Calpurniam
666 526 880 587 factum
911 528 1114 586 videri.
1180 528 1337 600 Ergo
1367 528 1451 584 ita
1484 531 1718 584 senatus
1749 526 1797 582 si
1829 524 2075 598 iudicat,
2122 540 2257 582 con-

85 620 157 671 tra
180 615 354 689 legem
386 614 542 673 facta
572 616 719 674 haec
750 616 962 689 videri,
1010 619 1058 673 si
1090 616 1245 673 facta
1276 616 1418 687 sint,
1466 613 1728 672 decernit
1761 613 1909 686 quod
1940 613 2084 669 nihil
2115 629 2256 684 opus

84 708 167 774 est,
204 702 329 760 dum
361 704 683 762 candidatis
706 697 756 783 3)
786 721 1002 761 morem
1035 704 1202 777 gerit.
1285 703 1436 760 Nam
1467 703 1683 760 factum
1713 702 1788 758 sit
1816 716 2033 771 necne,
2082 700 2257 757 vehe-

82 797 268 849 menter
310 793 640 864 quaeritur3
701 794 749 848 si
793 791 1010 849 factum
1046 795 1135 849 est
1157 785 1239 869 4),
1303 792 1440 862 quin
1473 795 1675 847 contra
1704 791 1892 863 legem
1924 789 2024 859 sit,
2089 787 2254 846 dubi-

82 884 179 935 tare
225 895 388 936 nemo
450 885 658 951 potest.
764 879 872 937 Est
929 881 1106 952 igitur
1145 878 1482 952 ridiculum,
1539 877 1691 950 quod
1738 883 1826 935 est
1871 876 2135 949 dubium,
2193 874 2255 933 id
2275 876 2356 932 68

77 965 369 1039 relinquere
430 968 749 1040 incertum3
805 956 957 1039 quod
1011 967 1228 1024 nemini
1272 965 1508 1023 dubium
1552 971 1746 1038 potest
1789 981 1947 1033 esse,
2004 963 2064 1021 id
2107 961 2255 1021 iudi·-

79 1069 186 1111 care
201 1049 265 1133 ⁵).
368 1055 560 1127 Atque
618 1056 678 1112 id
732 1055 1065 1113 decernitur
1125 1054 1386 1112 omnibus
1446 1053 1867 1125 postulantibus
1914 1050 2253 1123 candidati8‚

76 1147 126 1198 ut
176 1159 237 1199 ex
294 1148 531 1201 senatus
593 1144 849 1200 consulto
894 1159 1084 1216 neque
1128 1144 1287 1199 cuius
1330 1141 1566 1200 intersit
1603 1157 1793 1214 neque
1842 1144 2043 1197 contra
2085 1156 2254 1211 quem

76 1229 137 1284 sit
188 1231 446 1303 intellegi
512 1232 710 1304 possit.
803 1231 992 1302 Quare
1062 1229 1204 1288 doce
1265 1246 1301 1286 a
1361 1230 1428 1287 L.
1475 1229 1725 1287 Murena
1778 1229 1879 1285 illa
1926 1244 2053 1285 esse
2101 1243 2254 1285 com·

75 1317 244 1374 missa:
302 1324 423 1375 tum
470 1325 697 1392 egomet
739 1318 847 1376 tibi
887 1323 1087 1376 contra
1130 1320 1320 1391 legem
1363 1318 1663 1375 commissa
1706 1333 1831 1375 esse
1881 1313 2204 1373 concedam.

219 1405 414 1463 ‘Multi
475 1407 702 1464 obviam
765 1406 1104 1478 prodierunt
1163 1406 1235 1463 de
1279 1405 1577 1478 provincia
1623 1399 1959 1463 decedenti’
2016 1399 2248 1479 [consu·
2268 1399 2359 1468 33

72 1491 219 1549 latum
260 1491 531 1569 petenti]
624 1491 800 1570 [solet
827 1491 956 1552 fieri
974 1491 1018 1569 :]
1045 1487 1096 1572 ⁶)
1169 1493 1354 1550 Eccui
1384 1497 1582 1551 autem
1611 1509 1726 1550 non
1756 1492 2022 1565 proditur
2051 1508 2250 1548 rever-

72 1581 193 1636 tenti
219 1576 308 1661 ⁷)‘?
399 1581 596 1653 ‘Quae
659 1580 770 1639 fuit
834 1583 948 1640 ista
1004 1577 1376 1639 multitudo‘P'
1466 1580 1750 1655 Primum,
1809 1581 1858 1637 si
1915 1579 2020 1637 tibi
2078 1579 2248 1636 istam

70 1668 322 1727 rationem
389 1685 505 1726 non
566 1671 779 1743 possim
804 1663 856 1749 ⁸)
918 1669 1164 1728 reddere
1185 1714 1200 1742 ,
1270 1667 1407 1741 quid
1462 1669 1640 1725 habet
1697 1667 2094 1725 admirationis
2148 1667 2252 1724 tali

69 1755 168 1813 viro
219 1757 579 1829 advenienti,
649 1756 957 1816 candidato
1017 1757 1330 1831 consulari,
1398 1757 1623 1815 obviam
1681 1755 1943 1827 prodisse
2002 1754 2251 1812 multos?

70 1843 191 1912 quod
244 1845 356 1902 nisi
411 1850 568 1903 esset
619 1843 868 1918 factum,
930 1847 1111 1918 magis
1171 1843 1494 1902 mirandum
1557 1843 1868 1901 videretur.
1960 1841 2150 1913 Quid?
2205 1843 2253 1900 si
2275 1847 2353 1905 69

69 1931 215 1988 ctiam
256 1931 402 1990 illud
449 1932 657 1990 addam
678 1979 692 2008 ‚
754 1932 905 2005 quod
955 1949 991 1990 a
1037 1932 1451 1991 consuetudine
1498 1948 1613 1989 non
1659 1930 1963 2003 abhorret,
2023 1935 2253 2003 rogatos

69 2033 169 2075 esse
211 2021 448 2093 multOS‚
508 2038 643 2077 num
690 2027 794 2078 aut
855 2021 1219 2078 criminosum
1267 2025 1356 2078 est
1371 2015 1427 2099 ⁹)
1473 2024 1573 2077 aut
1618 2018 1940 2076 mirandum
1959 2062 1974 2090 ,
2035 2033 2150 2090 qua
2191 2018 2253 2075 in

68 2106 267 2166 civitate
344 2110 537 2180 rogati
604 2108 927 2166 infimorum
992 2109 1288 2165 hominum
1351 2106 1499 2165 filios
1564 2123 1744 2181 prope
1814 2107 1884 2164 de
1951 2111 2122 2163 nocte
2182 2124 2254 2165 ex

66 2195 234 2253 ultima
291 2212 468 2268 saepe
531 2197 674 2255 urbe
737 2196 1048 2254 deductum
1104 2198 1304 2254 venire
1368 2196 1682 2268 soleamuS,
1750 2196 1811 2251 in
1859 2210 1931 2252 ea
1966 2211 2081 2252 non
2124 2210 2252 2253 esse

67 2290 303 2351 gravatos
348 2285 610 2341 homines
655 2285 889 2357 prodire
933 2285 1078 2341 hora
1123 2286 1300 2342 tertia
1344 2285 1403 2341 in
1438 2300 1699 2356 campum
1728 2283 2006 2341 Martium
2025 2328 2039 2357 ‚
2084 2298 2253 2355 prae-

67 2372 229 2428 sertim
297 2372 433 2429 talis
506 2373 614 2429 viri
677 2372 910 2431 nomine
965 2376 1235 2444 rogatos?
1342 2371 1526 2442 Quid?
1583 2373 1639 2429 si
1700 2387 1898 2428 omnes
1943 2371 2254 2429 societates

65 2465 347 2532 venerunt,
416 2476 658 2531 quarum
726 2477 797 2517 ex
857 2477 1095 2518 numero
1150 2460 1313 2517 multi
1374 2460 1581 2517 sedent
1641 2458 1906 2515 iudices?
1967 2458 2146 2529 quid?
2204 2459 2253 2516 si

66 2546 196 2604 multi
229 2547 495 2605 homines
554 2549 736 2604 nostri
791 2546 1008 2605 ordinis
1070 2548 1506 2605 honestissimi?
1568 2547 1746 2619 quid?
1802 2547 1849 2604 si
1893 2546 1994 2603 illa
2038 2543 2254 2604 officio-

65 2632 287 2709 sissima,
341 2652 491 2706 quae
553 2636 843 2693 neminem
898 2636 1118 2707 patitur
1176 2650 1291 2691 non
1347 2635 1588 2692 honeste
1632 2636 1695 2691 in
1740 2635 1945 2692 urbem
1989 2634 2252 2707 introire,

63 2723 156 2778 tota
196 2722 356 2781 natio
405 2722 883 2780 candidatorum?
945 2722 990 2781 si
1038 2723 1291 2795 denique
1339 2723 1465 2796 ipse
1494 2727 1796 2779 accusator
1826 2727 2022 2778 noster
2050 2721 2253 2779 Postu-

62 2822 157 2865 mus
217 2810 448 2868 obviam
511 2826 641 2867 cum
698 2809 852 2867 bene
907 2826 1117 2883 magna
1177 2816 1413 2868 caterva
1473 2825 1579 2866 sua
1639 2809 1826 2878 venit,
1896 2808 2035 2881 quid
2073 2808 2255 2866 habet

62 2893 147 2953 ista
202 2898 517 2955 multitudo
566 2897 1008 2956 admirationis?
1097 2897 1311 2956 Omitto
1361 2898 1634 2970 clientes,
1680 2898 1928 2968 vicinOS‚
1986 2895 2250 2970 tribuleS,

64 2987 352 3043 exercitum
397 2990 582 3042 totum
629 2985 892 3059 Luculli,
953 2987 1050 3059 qui
1099 2985 1172 3043 ad
1219 2986 1570 3057 triumphum
1615 3001 1721 3059 per
1767 3001 1865 3043 eos
1905 2984 2030 3042 dies
2074 3001 2251 3043 vene-

61 3075 151 3128 rat:
205 3073 316 3131 hoc
363 3072 496 3131 dico
516 3119 531 3148 ,
590 3071 975 3146 frequentiam
1037 3075 1098 3131 in
1158 3076 1268 3132 isto
1330 3072 1519 3132 officio
1566 3074 1878 3148 gratuitam
1922 3089 2036 3129 non
2082 3072 2249 3129 modo

62 3155 297 3230 dignitati
339 3162 513 3218 ullius
558 3178 859 3234 umquam,
904 3162 1007 3220 sed
1052 3179 1125 3219 ne
1169 3163 1452 3219 voluntati
1495 3162 1729 3234 quidem
1775 3159 2048 3218 defuisse.
2142 3158 2252 3217 ‘At
2272 3166 2353 3223 70

62 3247 404 3307 sectabantur
449 3244 655 3306 multi!
742 3250 904 3307 Doce
963 3248 1268 3308 mercede:
1318 3249 1632 3308 concedam
1678 3264 1804 3306 esse
1850 3248 2093 3320 crimen3
2138 3250 2250 3306 hoc

173 3433 222 3497 1)
283 3432 349 3485 In
402 3429 556 3484 codd.
620 3432 704 3482 est
763 3429 922 3497 vulyo
986 3429 1162 3490 loeus;
1231 3431 1391 3498 vulyo
1454 3430 1654 3484 delevit
1702 3431 1878 3484 Halm.
1943 3429 2138 3498 Zumpt
2189 3448 2251 3485 ex

62 3495 119 3549 La
154 3503 219 3555 ‚9
269 3519 371 3555 scr.
412 3500 574 3568 vulyo
612 3500 762 3553 locus
800 3499 1058 3552 tributus.
1243 3501 1296 3566 2)
1336 3507 1384 3554 et
1419 3502 1642 3554 inclusit
1681 3500 1851 3554 Sorof.
2026 3502 2081 3563 3)
2119 3516 2250 3553 can-

63 3565 104 3641 {li
167 3576 251 3624 tus
288 3590 387 3626 scr.
432 3572 615 3624 Halm.
724 3570 780 3637 4)
809 3571 1019 3636 factum
1045 3575 1123 3622 est
1147 3570 1334 3635 Klotz;
1375 3571 1524 3624 codd.
1549 3573 1763 3638 factum
1790 3570 1876 3623 sit.
1984 3573 2039 3638 5)
2067 3571 2248 3639 Vulgo

61 3638 303 3707 mdicare,
352 3642 495 3711 quod
541 3657 645 3694 rec.
693 3640 876 3693 Halm.
1055 3642 1110 3707 6)
1160 3641 1398 3694 Uncinos
1435 3643 1617 3709 posuit
1654 3643 1828 3705 Bake,
1884 3641 2250 3710 obsequuntur

62 3704 189 3762 Halm
241 3716 296 3766 et
331 3713 557 3781 Kayser.
627 3710 751 3761 Mox
807 3710 958 3763 codd.
1012 3717 1060 3764 et
1103 3710 1206 3765 cui.
1458 3714 1510 3778 7)
1573 3712 1720 3764 Bake
1760 3717 1815 3765 et
1847 3712 2054 3778 Kayser
2090 3714 2250 3766 etiam

62 3783 308 3836 revertenti
359 3783 487 3836 incl.
743 3780 798 3847 8)
848 3781 1057 3847 possim
1091 3781 1346 3847 Lambin3
1396 3782 1547 3836 codd.
1576 3798 1818 3849 possum.
2068 3783 2122 3850 9)
2161 3783 2251 3835 Sic

63 3843 215 3916 Ha1m;
261 3853 414 3908 codd.
453 3850 806 3906 criminosum
841 3850 929 3907 sit.
