2669 4354
413 233 494 291 98
1232 235 1236 239 “
1339 247 1557 287 onA'mo
1599 249 1690 287 111.

402 440 541 496 opes
586 423 676 481 his
723 422 976 495 depulsis
1021 422 1180 479 urbis
1224 422 1503 494 periculis
1551 421 1886 481 concidisse.
1999 421 2184 491 Quem
2226 420 2459 492 quidem
2509 436 2612 491 ego

403 527 532 568 cum
573 528 645 570 ex
688 510 830 569 urbe
873 511 1190 584 pellebam,
1236 509 1345 566 hoe
1385 508 1757 582 providebam
1802 509 2019 583 anim0,
2065 508 2341 579 Quirites,
2388 516 2607 565 remoto

406 598 656 658 Catilina
700 615 815 656 non
859 599 998 656 mihi
1040 615 1167 657 esse
1213 597 1277 655 P.
1319 597 1550 655 Lentuli
1604 611 1862 655 somnum
1918 613 2029 655 nec
2072 597 2140 654 L.
2189 595 2374 655 Cassii
2420 596 2612 669 adipes

405 703 515 745 nec
589 686 651 746 C.
713 685 957 760 Cethegi
1032 684 1309 744 furiosam
1384 687 1775 745 temeritatem
1848 685 2389 758 pertimescendam.
2511 686 2611 743 Ille

407 780 537 832 erat
580 791 727 833 unus
790 775 1079 833 timendus
1121 791 1191 832 ex
1248 774 1377 832 istis
1420 773 1681 832 omnibus
1698 819 1713 846 ,
1774 773 1877 832 sed
1930 781 2047 831 tam
2094 772 2217 846 diu,
2283 772 2418 831 dum
2462 773 2612 831 urbis

404 862 708 921 moenibus
755 862 1172 921 continebatur.
1281 860 1487 919 Omnia
1543 868 1739 934 norat,
1798 862 2047 919 omnium
2108 861 2297 920 aditus
2351 862 2612 931 tenebat3

407 951 732 1024 appellare,
794 956 1083 1023 temptare
1102 994 1117 1022 ,
1180 949 1493 1007 sollicitare
1538 954 1796 1022 poterat,
1864 949 2154 1021 audebat,
2212 956 2342 1008 erat
2389 950 2447 1007 ei
2488 966 2611 1007 con-

405 1039 595 1096 silium
650 1038 726 1097 ad
783 1037 1006 1095 facinus
1068 1043 1291 1111 aptum,
1367 1038 1605 1095 consilio
1663 1042 1858 1095 autem
1925 1053 2112 1109 neque
2174 1037 2375 1112 lingua
2430 1053 2610 1108 neque

407 1142 609 1184 manus
655 1126 874 1185 deerat.
962 1126 1086 1183 Iam
1142 1125 1217 1182 ad
1266 1132 1459 1183 certas
1517 1142 1613 1183 res
1660 1124 2046 1183 conficiendas
2107 1132 2303 1183 certos
2360 1126 2612 1183 homines

405 1214 665 1273 delectos
709 1230 779 1273 ac
822 1213 1140 1285 descriptos
1178 1212 1448 1270 habebat.
1550 1212 1755 1285 Neque
1804 1229 1966 1285 vero,
2022 1229 2150 1270 cum
2197 1213 2417 1286 aliquid
2461 1230 2613 1271 man-

408 1302 603 1380 darat,
665 1300 989 1360 confectum
1031 1302 1299 1373 putabat3
1363 1301 1506 1358 nihil
1553 1305 1682 1358 erat
1730 1299 1882 1373 quod
1934 1317 2048 1358 non
2103 1302 2231 1373 ipse
2284 1302 2479 1360 obiret
2532 1317 2611 1359 oc-

410 1394 691 1462 curreret,
730 1389 1000 1462 vigilaret
1028 1389 1351 1461 laboraret3
1395 1387 1595 1462 friguS,
1640 1389 1812 1462 sitim,
1850 1388 2064 1447 famem
2098 1388 2256 1447 ferre
2296 1395 2534 1461 poterat
2549 1384 2607 1468 1).

310 1480 389 1536 17
408 1478 578 1536 Hunc
635 1491 743 1549 ego
788 1477 1076 1535 hominem
1139 1482 1258 1534 tam
1318 1491 1542 1549 acrem,
1611 1483 1730 1534 tam
1785 1476 2092 1549 audacem,
2161 1481 2281 1534 tam
2340 1484 2608 1550 paratum

409 1572 532 1625 tam
578 1565 875 1639 callidum,
929 1572 1049 1623 tam
1099 1564 1162 1622 in
1206 1563 1430 1622 scelere
1473 1563 1838 1636 vigilantem,
1895 1571 2014 1621 tam
2058 1565 2120 1622 in
2163 1565 2412 1636 perditis
2449 1565 2612 1623 rebus

411 1653 750 1726 diligentem
812 1654 923 1710 nisi
981 1669 1053 1710 ex
1106 1652 1436 1709 domesticis
1495 1652 1720 1711 insidiis
1782 1653 1843 1708 in
1904 1659 2201 1710 castrense
2257 1653 2614 1711 latrocinium

411 1742 816 1813 compulissem
862 1773 943 1781 --
991 1740 1179 1798 dicam
1222 1739 1312 1810 id,
1372 1740 1522 1811 quod
1584 1741 1798 1813 sentiO,
1861 1740 2116 1810 Quirites
2156 1772 2239 1781 —
2285 1757 2408 1798 non
2453 1740 2613 1798 facile

410 1831 562 1888 hanc
607 1834 828 1887 tantam
881 1830 1091 1887 molem
1144 1827 1280 1885 mali
1325 1843 1362 1884 a
1404 1829 1609 1885 vestris
1653 1828 1974 1885 cervicibus
2022 1827 2390 1900 depulissem.
2499 1829 2614 1886 Non
2667 1902 2668 1905 Ἴ

412 1919 514 1976 1116
579 1916 742 1975 nobis
803 1917 1135 1976 Saturnalia
1198 1914 1592 1974 constituisset
1655 1930 1843 1987 neque
1917 1921 2077 1974 tanto
2139 1922 2279 1974 ante
2337 1918 2505 1974 exitii
2559 1932 2615 1973 ac
2667 1908 2668 1917 ’

412 2004 519 2064 fati
584 2004 737 2062 diem
794 2005 882 2063 rei
951 2003 1218 2077 publicae
1283 2003 1770 2075 denuntiavisset,
1858 2017 2047 2076 neque
2125 2005 2512 2062 commisisset
2566 2011 2614 2061 ut

412 2094 668 2166 signum,
739 2097 803 2149 ut
865 2093 1098 2150 litterae
1159 2105 1299 2147 suae
1345 2095 1526 2148 testes
1583 2088 1872 2149 manifesti
1935 2092 2173 2150 sceleris
2226 2091 2615 2164 deprehende-

412 2188 637 2240 rentur.
729 2177 890 2249 Quae
951 2197 1105 2237 nunc
1161 2180 1261 2237 illo
1321 2177 1561 2238 absente
1615 2182 1696 2238 sic
1744 2185 1910 2252 gesta
1967 2187 2132 2254 sunt,
2193 2186 2259 2238 ut
2302 2182 2528 2239 nullum
2566 2182 2609 2237 in

411 2269 640 2341 privata
682 2267 849 2326 domo
910 2267 1126 2326 furtum
1180 2284 1447 2340 umquam
1503 2269 1579 2324 sit
1637 2275 1753 2325 tam
1814 2268 2006 2340 palam
2054 2270 2378 2341 inventum,
2457 2285 2612 2342 quam

411 2358 558 2415 haec
623 2360 788 2413 tanta
855 2356 918 2414 in
981 2374 1047 2414 re
1114 2356 1346 2427 publica
1406 2355 1727 2413 coniuratio
1790 2353 2095 2415 manifesto
2149 2356 2393 2415 inventa
2455 2365 2615 2430 atque

412 2443 778 2516 deprehensa
819 2450 924 2502 est.
1035 2443 1249 2513 Quodsi
1295 2442 1556 2501 Catilina
1590 2443 1651 2501 in
1694 2444 1839 2501 urbe
1882 2443 1956 2501 ad
2001 2444 2151 2501 hanc
2195 2443 2354 2501 diem
2400 2461 2619 2504 reman-

414 2532 610 2604 sisset,
680 2547 1046 2605 quamquam,
1113 2530 1300 2602 quoad
1366 2530 1502 2603 fuit,
1572 2532 1832 2588 omnibus
1901 2532 2025 2609 eius
2089 2533 2345 2589 consiliis
2405 2533 2669 2630 occurri{

413 2625 589 2691 atque
620 2618 847 2691 obstiti,
892 2625 1084 2677 tamen
1103 2664 1119 2692 ,
1159 2626 1221 2676 ut
1265 2619 1554 2677 levissime
1593 2617 1809 2691 dicam,
1855 2617 2241 2677 dimicandum
2286 2620 2456 2678 nobis
2509 2638 2621 2680 cum

412 2707 514 2764 illo
577 2705 817 2780 fuisset,
891 2723 1077 2778 neque
1146 2723 1249 2764 nos
1317 2721 1601 2780 unquam,
1675 2706 1809 2764 dum
1836 2702 1886 2785 ²)
1948 2708 2048 2765 ille
2110 2708 2171 2764 in
2241 2709 2388 2766 urbe
2452 2709 2621 2768 hostis

415 2799 598 2868 esset,
669 2795 848 2852 tantis
911 2794 1184 2868 periculis
1245 2810 1370 2852 rem
1436 2793 1724 2866 publicam
1790 2799 1954 2853 tanta
2015 2811 2162 2867 pace
2181 2841 2196 2868 ,
2258 2802 2429 2854 tanto
2503 2799 2618 2866 otio,

413 2888 578 2941 tanto
623 2882 855 2941 silentio
897 2881 1321 2941 liberassemus.

351 2960 398 3032 8
590 2968 948 3042 Quamquam
1007 2971 1153 3027 haec
1213 2970 1439 3041 omnia,
1494 2968 1774 3038 QuiriteS,
1834 2969 1918 3027 ita
1974 2975 2108 3028 sunt
2165 2986 2202 3028 a
2248 2988 2343 3030 me
2392 2974 2621 3031 admini-

313 3058 392 3115 18
415 3063 625 3129 strata,
682 3064 748 3117 ut
791 3058 1029 3117 deorum
1090 3057 1493 3114 immortalium
1540 3061 1683 3114 nutu
1730 3062 1905 3129 atque
1952 3058 2188 3117 consilio
2243 3064 2305 3117 et
2360 3068 2534 3134 gesta
2577 3065 2623 3118 et

413 3148 644 3220 provisa
706 3163 834 3204 esse
896 3145 1225 3218 videantur3
1283 3144 1456 3216 idque
1518 3160 1646 3201 cum
1707 3146 2039 3204 coniectura
2095 3150 2375 3219 consequi
2441 3167 2624 3223 possu-

417 3253 544 3294 mus
560 3280 576 3309 ,
636 3233 790 3306 quod
835 3234 928 3291 vix
981 3233 1208 3291 videtur
1260 3232 1494 3290 humani
1539 3232 1761 3290 consilii
1820 3239 2109 3291 tantarum
2164 3252 2366 3294 rerum
2430 3240 2619 3310 guber-

419 3324 584 3381 natio
640 3338 767 3381 esse
813 3322 1070 3394 potuisse
1089 3315 1166 3400 3),
1226 3326 1347 3378 111111
1407 3336 1545 3377 vero
1601 3320 1685 3377 ita
1727 3326 2065 3394 praesentes
2126 3322 2215 3380 his
2275 3326 2624 3398 temporibus

417 3427 586 3482 opem
643 3416 706 3468 et
750 3410 1026 3468 auxilium
1085 3409 1249 3468 nobis
1310 3408 1596 3481 tulerunt,
1662 3414 1725 3465 ut
1777 3426 1875 3467 eos
1936 3424 2124 3481 paene
2187 3413 2376 3470 oculis
2438 3414 2624 3472 videre

420 3514 741 3571 possemus,
854 3498 1005 3556 Nam
1070 3501 1137 3554 ut
1192 3497 1295 3555 illa
1356 3495 1641 3569 omittam,
1701 3497 1854 3555 visas
1897 3503 2178 3555 nocturno
2233 3504 2512 3574 tempore
2566 3500 2628 3558 ab

556 3700 609 3767 1)
658 3699 921 3767 Viyizare,
963 3696 1239 3762 laborare,
1271 3696 1456 3764 frigus
1483 3727 1549 3735 —-
1569 3701 1792 3763 poterat
1817 3700 1950 3750 coni.
1977 3698 2298 3754 Mommsen.
2420 3705 2477 3771 2)
2521 3659 2648 3757 011111.

412 3770 560 3825 codd.
601 3770 809 3838 aliquot
822 3810 834 3830 ‚
871 3768 1161 3822 Eberhard.
1298 3768 1353 3834 3)
1392 3766 1665 3819 videretur
1701 3766 1958 3819 humanis
1994 3769 2238 3822 consiliis
2275 3779 2502 3827 tantam
2534 3788 2630 3827 mo·

412 3840 520 3894 lem
555 3857 742 3895 rerum
774 3838 1104 3907 yubernatio
1140 3835 1395 3903 consequi
1417 3835 1665 3903 potuisse
1700 3837 1851 3891 codd.
1893 3837 2112 3906 aliquot.
