2669 4354
402 211 484 268 42
1406 224 1625 266 ORATIO

2456 291 2610 299 ——-

400 400 448 459 si
509 399 786 458 maiorem
844 416 1007 472 spem
1055 399 1363 473 emptionis
1416 404 1555 458 tuae
1599 399 1660 456 in
1705 399 1876 457 huius
1921 398 2095 456 exitio
2136 396 2304 471 ponis
2349 413 2524 470 quam
2564 398 2613 454 in

399 488 473 547 iis
527 487 703 547 rebus
720 532 736 561 ,
798 504 939 560 quas
990 487 1058 545 L.
1105 486 1264 545 Sulla
1323 488 1521 559 gessit.
1609 486 1774 559 Quod
1832 487 1881 544 si
1937 487 2042 545 tibi
2088 501 2265 544 causa
2308 487 2473 544 nulla
2522 491 2611 556 est,

402 593 506 635 cur
548 576 701 634 hunc
745 575 1020 634 miserum
1060 579 1225 634 tanta
1271 575 1603 634 calamitate
1650 572 1818 634 adfici
1861 575 2031 648 velis,
2078 575 2127 631 si
2158 574 2265 632 tibi
2296 575 2496 633 omnia
2525 590 2612 632 sua

399 669 639 738 praeter
677 663 929 722 animam
973 662 1214 721 tradidit
1257 680 1370 723 nec
1415 663 1523 722 sibi
1567 663 1872 736 quicquam
1917 668 2255 736 paternum,
2303 678 2380 720 ne
2422 678 2610 720 monu-

400 753 582 810 menti
626 751 858 824 quidem
902 766 1104 825 causa,
1146 752 1295 810 clam
1339 752 1686 811 reservavit:
1730 768 1839 825 per
1883 751 2022 810 deos
2052 751 2429 825 immortaleS,
2478 766 2609 823 quae

400 841 516 899 ista
569 845 735 898 tanta
800 839 1113 898 crudelitas
1169 843 1299 898 est?
1368 855 1515 912 quae
1575 845 1694 898 tam
1750 838 1878 897 fera
1937 839 2316 911 immanisque
2373 842 2610 898 natura?

402 928 541 1000 Quis
601 944 872 1000 umquam
916 927 1133 1000 praedo
1179 924 1304 1002 fuit,
1331 934 1451 986 tam
1492 925 1751 985 nefarius
1767 973 1782 1001 ,
1845 927 1974 999 quis
2018 927 2212 1000 pirata
2256 932 2377 984 tam
2417 925 2611 986 barba·
2655 958 2656 989 ι

399 1032 499 1074 rus
518 1061 534 1090 ,
588 1020 685 1090 ut,
746 1031 872 1073 cum
933 1015 1218 1088 integram
1272 1014 1552 1089 praedam
1610 1016 1736 1073 sine
1796 1015 2078 1088 sanguine
2137 1014 2359 1074 habere
2414 1020 2610 1089 posset7
2655 1072 2656 1075 ,

257 1100 379 1158 147
403 1107 644 1163 cruenta
690 1103 876 1176 spolia
930 1102 1240 1162 detrahere
1301 1103 1544 1162 mallet?
1632 1103 1755 1161 Scis
1799 1103 1950 1161 hunc
1994 1103 2140 1162 nihil
2183 1103 2405 1163 habere
2423 1148 2438 1177 ,
2487 1102 2610 1161 nihil
2655 1124 2656 1175 3

400 1192 648 1265 audere,
703 1191 849 1249 nihil
898 1207 1096 1266 posse,
1154 1192 1301 1250 nihil
1349 1208 1618 1265 umquam
1676 1196 1880 1250 contra
1931 1208 2057 1250 rem
2114 1196 2271 1251 tuam
2320 1193 2609 1265 cogitasse,

399 1285 463 1340 et
538 1284 734 1338 tamen
798 1295 1094 1354 oppugnas
1163 1296 1325 1354 eum,
1396 1297 1565 1352 quem
1629 1295 1818 1353 neque
1882 1285 2145 1338 metuere
2204 1284 2376 1353 potes
2435 1295 2608 1352 neque

399 1367 587 1427 odisse
647 1366 825 1426 debes
880 1384 991 1426 nec
1049 1368 1357 1440 quicquam
1407 1368 1524 1426 iam
1568 1367 1787 1427 habere
1845 1368 2054 1440 reliqui
2111 1367 2306 1442 videS,
2373 1368 2528 1441 quod
2568 1367 2608 1424 ei

399 1455 712 1515 detrahere
757 1456 972 1529 possis:
1022 1457 1133 1513 nisi
1175 1456 1284 1513 hoc
1326 1455 1626 1529 indignum
1653 1460 1827 1528 putas
1846 1500 1861 1529 ,
1910 1455 2063 1529 quod
2105 1456 2375 1515 vestitum
2420 1455 2607 1514 sedere

399 1545 461 1602 in
527 1543 740 1602 iudicio
804 1543 999 1618 videS,
1063 1560 1234 1617 quem
1283 1548 1346 1601 tu
1405 1561 1437 1602 6
1498 1544 1844 1617 patrimonio
1898 1549 2191 1616 tamquam
2245 1561 2277 1602 e
2317 1543 2608 1616 naufragio

398 1632 613 1691 nudum
675 1632 959 1705 expulisti.
1067 1632 1243 1704 Quasi
1304 1649 1442 1691 vero
1508 1631 1736 1690 nescias
1790 1632 1941 1690 hunc
2000 1638 2060 1690 et
2115 1632 2196 1690 ali
2243 1637 2304 1692 et
2341 1632 2547 1690 vestiri
2582 1647 2608 1687 a

399 1719 679 1794 Caecilia,
718 1718 1025 1795 [Balearici
1070 1718 1222 1794 filia,
1267 1720 1512 1793 Nepotis
1554 1717 1774 1793 sorore]
1801 1713 1870 1801 ¹),
1917 1720 2340 1794 spectatissima
2389 1719 2606 1791 femina,

399 1824 547 1881 quae
580 1824 709 1866 cum
738 1812 964 1880 patrem
1011 1809 1418 1881 clarissimum,
1466 1808 1842 1879 amplissimos
1878 1814 2144 1881 patruOS,
2189 1809 2605 1867 ornatissimum

395 1894 637 1955 fratrem
699 1896 975 1971 haberet,
1031 1901 1255 1970 tamen,
1317 1913 1446 1954 cum
1496 1901 1653 1954 esset
1696 1896 1932 1970 mulier,
1979 1896 2188 1954 virtute
2235 1895 2520 1972 perfecit,
2561 1900 2606 1952 ut

396 1989 611 2056 quanto
655 1984 874 2043 honore
919 1986 1046 2057 ipsa
1093 2000 1165 2041 ex
1209 1984 1442 2042 illorum
1487 1983 1768 2057 dignitate
1812 1981 2178 2058 adficeretur,
2235 2000 2353 2042 11011
2399 1987 2603 2043 minora

396 2072 513 2131 illis
559 2076 903 2130 ornamenta
950 2089 1021 2130 ex
1066 2087 1170 2130 sua
1215 2072 1388 2130 laude
1427 2071 1720 2130 redderet.

292 2145 379 2214 51
571 2159 663 2217 An
709 2159 860 2232 quod
900 2159 1215 2231 diligenter
1256 2159 1605 2234 defenditur,
1647 2160 1705 2219 id
1743 2159 1849 2218 tibi
1879 2160 2175 2233 indignum
2202 2157 2433 2220 facinus
2465 2159 2602 2219 vide·

251 2242 374 2299 148
396 2245 539 2306 tur?
626 2247 776 2305 Mihi
822 2249 1029 2321 crede,
1077 2249 1125 2306 si
1170 2264 1275 2322 pro
1319 2249 1502 2322 patris
1540 2250 1708 2307 huius
1753 2248 2015 2321 hospitiis
2061 2254 2123 2306 et
2166 2248 2357 2322 gratia
2403 2250 2603 2308 vellent

393 2352 592 2394 omnes
636 2334 770 2393 huic
790 2329 840 2415 2)
885 2336 1140 2409 hospites
1186 2337 1392 2395 adesse
1439 2342 1500 2394 et
1542 2337 1823 2395 auderent
1865 2336 2051 2395 libere
2093 2335 2435 2411 defendere,
2484 2336 2601 2395 satis

394 2423 622 2496 copiose
669 2422 1116 2482 defenderetur:
1157 2425 1247 2482 sin
1293 2429 1489 2482 autem
1527 2441 1633 2498 pro
1665 2424 2059 2496 magnitudine
2105 2425 2354 2482 iniuriae
2395 2439 2602 2498 proque
2651 2435 2652 2438 ’

394 2527 498 2585 60,
554 2511 706 2582 quod
761 2528 981 2570 summa
1035 2528 1130 2570 res
1175 2511 1409 2584 publica
1450 2513 1512 2569 in
1558 2513 1727 2571 huius
1773 2513 2031 2584 periculo
2090 2517 2430 2585 temptatur,
2478 2514 2603 2571 haec

391 2614 597 2657 omnes
634 2599 1027 2673 vindicarent,
1076 2601 1392 2659 consistere
1438 2617 1531 2659 me
1577 2601 1817 2660 hercule
1864 2601 2024 2659 vobis
2071 2601 2181 2659 isto
2220 2601 2281 2658 in
2327 2600 2463 2659 loco
2509 2617 2604 2657 non

389 2686 614 2744 liceret.
673 2688 842 2745 Nunc
885 2688 971 2746 ita
1005 2685 1358 2762 defenditur,
1404 2704 1519 2746 non
1550 2704 1690 2746 sane
1732 2695 1796 2747 ut
1828 2690 2069 2748 moleste
2101 2687 2258 2747 ferre
2297 2686 2604 2747 adversarii
2647 2745 2650 2764 ,

246 2770 368 2829 149
390 2775 645 2834 debeant
684 2791 874 2848 neque
905 2781 970 2833 ut
1000 2792 1063 2834 se
1089 2777 1350 2848 potentia
1382 2777 1643 2848 superari
1673 2781 1891 2849 putent.
1983 2777 2140 2848 Quae
2173 2776 2326 2834 domi
2357 2775 2605 2849 gerenda
2649 2849 2650 2854 ἵ

390 2868 549 2936 311111,
621 2879 693 2921 66
758 2879 865 2936 per
922 2863 1234 2923 Caeciliam
1292 2865 1720 2937 transiguntur3
1788 2863 1900 2922 fori
1958 2865 2271 2937 iudiciique
2329 2866 2604 2924 rationem

388 2947 534 3032 M.³)
579 2948 889 3025 Messalla,
959 2957 1022 3009 ut
1079 2951 1316 3025 videtis,
1386 2951 1633 3026 iudiceS,
1702 2953 1979 3026 suscepit:
2054 2954 2152 3025 qui
2212 2953 2260 3011 si
2314 2954 2437 3011 iam
2485 2952 2604 3012 satis

388 3039 601 3099 aetatis
646 3054 716 3097 ae
762 3039 982 3099 roboris
1028 3039 1301 3114 haberet,
1334 3041 1460 3112 ipse
1498 3057 1603 3112 pro
1634 3040 1765 3102 Sex,
1794 3039 2001 3099 Roscio
2047 3041 2298 3114 diceret:
2345 3042 2602 3113 quoniam

387 3128 463 3186 ad
510 3126 816 3185 dicendum
863 3127 1276 3200 impedimento
1323 3134 1412 3186 est
1442 3133 1607 3187 aetas
1640 3134 1702 3186 et
1739 3128 1940 3202 pudor,
1987 3130 2084 3200 qui
2126 3133 2296 3186 ornat
2342 3134 2603 3197 aetatem,

389 3230 624 3274 causam
669 3215 809 3273 mihi
855 3215 1122 3289 tradidit,
1170 3232 1342 3289 quem
1386 3232 1492 3273 sua
1538 3231 1713 3274 causa
1758 3233 1972 3288 cupere
2012 3234 2081 3275 60
2122 3216 2341 3275 debere
2387 3216 2604 3276 intelle·

391 3303 597 3377 gebat3
642 3304 767 3376 ipse
815 3304 1167 3362 adsiduitate
1189 3349 1204 3379 ,
1252 3304 1518 3378 consilio,
1566 3304 1913 3363 auctoritate
1933 3348 1950 3374 ‚
1999 3304 2306 3377 diligentia
2353 3304 2604 3377 perfecit,
2647 3331 2648 3342 ¹

390 3396 456 3449 ut
499 3391 629 3450 Sex.
668 3390 863 3449 Roscii
916 3392 1037 3450 vita
1094 3398 1298 3466 erepta
1356 3391 1428 3449 de
1472 3392 1737 3451 manibus
1783 3399 2073 3451 sectorum
2117 3393 2428 3451 sententiis
2473 3392 2605 3451 iudi·

392 3495 523 3536 cum
576 3479 1030 3552 permitteretur.
1121 3480 1435 3555 Nimirum,
1492 3480 1738 3554 iudiceS,
1792 3498 1895 3554 pro
1952 3482 2063 3539 hac
2121 3480 2431 3540 nobilitate
2488 3495 2604 3554 pars

391 3567 642 3625 maxima
690 3567 941 3626 civitatis
986 3570 1047 3625 in
1094 3570 1268 3627 armis
1312 3567 1444 3642 fuit:
1483 3571 1630 3628 haec
1671 3575 1802 3628 acta
1846 3586 1942 3628 res
1990 3574 2104 3643 est,
2154 3574 2218 3627 ut
2246 3569 2289 3626 ii
2306 3563 2362 3649 ⁴)
2394 3569 2603 3629 nobiles

574 3787 627 3853 1)
664 3801 834 3838 uncos
851 3784 1042 3853 posuit
1075 3785 1337 3840 Garatoni
1375 3786 1469 3839 cfr.
1509 3787 1539 3853 ξ
1579 3786 1662 3840 27.
1853 3787 1910 3852 2)
1948 3785 2074 3839 huic
2108 3785 2412 3852 Eberhard3
2451 3784 2604 3841 huius

395 3855 547 3911 codd.
659 3857 713 3924 3)
751 3857 835 3910 M.
878 3855 998 3911 add.
1037 3854 1312 3910 Garatoni.
1439 3857 1495 3924 4)
1532 3861 1597 3910 ut
1631 3855 1675 3909 ii
1711 3857 1958 3926 Madvig:
1997 3856 2084 3911 uti
2123 3856 2271 3913 codd.
2284 3897 2302 3925 ,
2339 3859 2507 3926 vulgo
2540 3858 2601 3907 ut.
