2669 4354
812 836 1419 912 ORATIO

1061 999 1191 1039 PRO

370 1095 446 1177 L.
537 1095 1129 1179 LICINIO
1220 1097 1854 1183 MVRENA.

702 1407 1535 1473 ARGVMENTVM.

62 1521 187 1575 Anno
218 1526 279 1579 63
333 1542 379 1577 a.
436 1525 565 1579 Chr.
627 1543 678 1579 n.
736 1543 854 1578 cum
910 1526 1246 1579 consulatum
1300 1528 1536 1595 peterent
1588 1527 1647 1579 L.
1707 1526 1923 1595 Sergius
1978 1526 2230 1593 Catilina,

115 1594 168 1648 D.
199 1597 370 1649 Iunius
405 1596 646 1658 Silanus,
701 1596 813 1649 Ser.
866 1596 1133 1664 Sulpicius
1181 1595 1374 1660 Rufus,
1430 1597 1491 1651 L.
1529 1598 1764 1649 Licinius
1811 1597 2061 1662 Murena,
2109 1615 2231 1668 pro-

114 1670 216 1733 pter
249 1667 509 1721 Catilinae
546 1667 823 1719 audaciam
863 1672 1023 1735 atque
1071 1668 1301 1720 ambitus
1347 1668 1619 1720 licentiam
1666 1685 1698 1719 a
1744 1668 1951 1720 consule
1989 1668 2233 1723 Cicerone

116 1752 231 1789 nova
280 1741 358 1791 lex
401 1739 464 1791 de
513 1739 716 1791 ambitu
768 1742 927 1791 aucta
975 1755 1095 1790 cum
1139 1753 1313 1806 poena
1359 1738 1470 1790 lata
1519 1740 1629 1802 est,
1690 1754 1847 1805 (1113111
1892 1739 2234 1805 potissimum

116 1805 236 1859 Serv,
284 1808 551 1877 Sulpicius
598 1808 653 1860 in
706 1812 894 1862 senatu
952 1809 1333 1876 postulaverat.
1436 1806 1569 1860 Cum
1615 1824 1734 1860 vero
1778 1809 2019 1861 consules
2066 1811 2233 1863 creati

114 1882 271 1931 essent
306 1880 367 1931 D.
410 1878 629 1932 Silanus
669 1882 724 1931 et
759 1879 818 1930 L.
856 1880 1101 1944 Murena,
1150 1878 1386 1930 Catilina
1422 1881 1600 1930 autem
1646 1877 1713 1931 ad
1753 1882 1928 1931 castra
1962 1879 2233 1933 Manliana

112 1947 157 1998 in
201 1949 455 2002 Etruriam
507 1967 561 2002 se
610 1948 949 2017 contulisset,
1007 1949 1151 2002 Serv.
1192 1948 1461 2017 Sulpicius
1499 1949 1777 2001 Murenam
1824 1947 1886 2000 de
1931 1950 2132 2003 ambitu
2177 1951 2231 2003 111

116 2018 189 2071 1113
231 2022 460 2087 vocavit,
516 2020 902 2088 subscriptores
947 2020 1139 2072 habuit
1193 2019 1265 2071 M.
1317 2019 1604 2084 Catonem,
1673 2020 1763 2088 qui
1816 2023 1930 2071 tum
1982 2020 2232 2073 tribunus

116 2087 397 2157 designatus
449 2093 589 2152 erat,
669 2089 983 2143 Postumum
1055 2091 1287 2158 equitem
1344 2090 1670 2158 Romanum,
1733 2089 1880 2141 Serv,
1939 2088 2234 2159 Sulpicium

115 2161 342 2227 quendam
390 2161 808 2214 adulescentem.
904 2161 1123 2215 Patroni
1166 2160 1420 2213 Murenae
1465 2160 1756 2214 extiterunt
1799 2159 1860 2226 Q.
1899 2161 2231 2228 Hortensius,

114 2229 174 2283 M.
199 2231 444 2298 CrassuS‚
481 2233 553 2285 M.
578 2230 783 2291 Cicero,
824 2232 917 2300 qui
956 2249 1170 2285 causam
1210 2232 1327 2284 ideo
1364 2233 1698 2299 potissimum
1735 2238 2058 2301 susceperat,
2094 2234 2233 2302 quod

116 2316 343 2369 oppressa
378 2304 615 2356 nondum
655 2303 973 2356 Catilinaria
1020 2302 1383 2356 coniuratione
1428 2303 1655 2355 multum
1703 2303 1891 2355 salutis
1937 2306 2233 2357 communis

113 2370 343 2426 interesse
392 2374 692 2442 intellexit,
749 2378 811 2426 ut
858 2374 978 2426 Kal.
1030 2373 1293 2425 Ianuariis
1349 2373 1452 2424 duo
1501 2374 1743 2426 consules
1798 2372 1853 2425 in
1905 2391 1961 2427 re
2019 2375 2235 2443 publica

114 2447 285 2496 essent.
355 2444 758 2497 Perorationem
793 2443 984 2496 habuit
1021 2442 1219 2497 Cicero.
1307 2442 1500 2511 Itaque
1549 2445 1777 2510 primum
1824 2460 1879 2496 se
1925 2444 2103 2512 ipsum
2142 2445 2231 2498 de-

112 2510 266 2566 fendit
308 2514 369 2567 de
403 2531 594 2568 causae
631 2515 965 2581 susceptione
1010 2530 1043 2566 3
1080 2513 1285 2566 Catone
1322 2515 1378 2565 et
1413 2513 1649 2582 Sulpicio
1696 2513 2028 2583 reprehensa.
2116 2515 2234 2568 Iam

111 2581 337 2637 Murenae
385 2585 623 2638 defensio
673 2590 782 2637 tres
835 2588 1014 2652 partes
1060 2584 1250 2652 habet,
1324 2600 1550 2652 quarum
1607 2585 1663 2636 in
1721 2585 1898 2651 prima
1945 2601 2006 2637 ea
2055 2585 2233 2649 diluit,

113 2668 231 2719 quae
264 2663 441 2709 contra
478 2656 644 2709 vitam
694 2671 965 2724 moresque
1007 2656 1260 2708 Murenae
1298 2657 1451 2707 erant
1490 2656 1698 2722 prolata
1747 2656 1806 2724 (ξ
1834 2656 2121 2722 11—14),
2177 2658 2234 2708 in

112 2723 261 2777 altera
292 2727 570 2779 Murenam
618 2742 836 2794 genere,
894 2725 1191 2794 industria,
1240 2727 1433 2777 ceteris
1482 2725 1806 2778 ornamentis
1853 2726 1970 2791 pari
2016 2742 2077 2778 ac
2114 2725 2234 2778 Ser-

111 2794 237 2848 vium
271 2796 539 2864 dignitate
591 2813 707 2849 esse
743 2797 811 2848 ad
861 2797 1197 2849 consulatum
1241 2795 1649 2863 adipiscendum
1694 2794 1956 2863 ostendit,
2024 2812 2129 2864 qua
2177 2796 2234 2848 in

110 2870 245 2929 parte
279 2867 563 2921 militarem
614 2865 938 2920 industriam
974 2883 1092 2919 cum
1142 2866 1275 2919 iuris
1327 2867 1554 2919 scientia
1590 2869 1891 2933 comparat,
1942 2869 2105 2934 atque
2143 2866 2236 2933 qui

111 2935 283 2990 factum
331 2937 430 2996 sit,
493 2943 557 2991 ut
601 2938 871 3003 repulsam
920 2936 1085 2990 ferret
1132 2938 1373 3000 Servius,
1438 2938 1655 3004 exponit
1703 2938 1767 3002 (ς
1795 2937 2073 3002 15-53).
2170 2936 2237 2989 111

114 3006 257 3060 tertia
291 3011 446 3076 parte
489 3009 554 3062 de
593 3008 824 3061 ambitus
863 3008 1082 3061 crimine
1120 3008 1287 3073 dixit,
1344 3008 1437 3060 sed
1486 3008 1544 3060 in
1590 3005 1789 3076 scripta
1827 3006 2068 3059 oratione
2107 3008 2235 3059 omi-

113 3075 189 3141 sit,
242 3095 374 3147 quae
417 3082 607 3133 contra
652 3079 963 3132 Postumum
1012 3081 1066 3130 et
1111 3079 1357 3130 Servium
1402 3078 1797 3131 adulescentem
1844 3075 2234 3142 disputaverat,

113 3161 163 3196 ea
200 3152 410 3202 tantum
452 3150 697 3214 exhibet,
747 3166 883 3217 quae
921 3153 1107 3202 contra
1144 3147 1403 3201 Catonem
1442 3148 1586 3201 dicta
1622 3151 1770 3208 sunt,
1822 3163 1977 3215 quem
2024 3148 2078 3199 in
2129 3147 2237 3200 fine

112 3220 345 3273 orationis
383 3226 444 3286 (ξ
473 3220 542 3273 78
568 3221 635 3287 3.)
687 3219 940 3273 admonet
989 3220 1260 3287 postulare
1297 3219 1536 3273 rationes
1585 3217 1852 3280 civitatiS,
1903 3220 1965 3270 ut
2011 3217 2236 3270 Murena

112 3291 271 3365 consul
309 3293 386 3344 rei
422 3291 665 3359 publicae
703 3293 1021 3344 servaretur.
1112 3289 1250 3342 Acta
1295 3294 1379 3342 est
1424 3306 1585 3342 causa
1628 3306 1697 3340 m.
1737 3288 2031 3341 Novembri
2064 3305 2111 3342 a.
2150 3289 2235 3355 63,

112 3354 351 3414 llberatus
388 3362 631 3415 Murena.

68 3490 216 3612 Quod
259 3565 532 3630 precatus
550 3551 601 3635 1)
650 3572 687 3613 a
732 3555 820 3614 dis
865 3557 1284 3615 immortalibus
1345 3573 1471 3614 sum
1493 3601 1508 3630 ,
1564 3555 1814 3629 iudiceS,
1867 3571 2028 3614 more
2074 3557 2239 3616 insti·
2260 3563 2300 3628 1

66 3641 258 3714 tutoque
324 3647 604 3703 maiorum
665 3644 766 3702 illo
838 3645 963 3719 die,
1038 3662 1148 3718 quo
1218 3645 1516 3718 auspicato
1580 3645 1827 3702 comitiis
1895 3648 2237 3705 centuriatis
2259 3661 2292 3716 1

144 3843 188 3907 1)
214 3843 296 3898 Sic
323 3845 505 3910 Quint.
533 3846 610 3897 IX
633 3847 684 3909 4,
713 3845 812 3899 107
826 3865 840 3910 ;
879 3845 1031 3898 codd.
1068 3861 1210 3912 quae
1235 3844 1441 3911 deprec.
1469 3839 1524 3896 et
1547 3845 1733 3910 postea
1759 3841 1940 3894 eadem
1955 3858 2167 3910 precor.
