2669 4354
19 1361 27 1478 l

928 262 1043 303 PRO
1086 263 1137 301 P.
1180 262 1400 303 snsno.
2150 247 2273 306 259

94 450 191 490 rem
242 432 529 505 publicam
575 434 794 490 salvam
816 426 865 514 ¹)
912 432 1158 506 vellent,
1220 439 1705 491 convocarentur:
1771 432 1920 505 quod
1965 450 2276 507 numquam

92 526 292 580 senatus
336 522 400 578 in
445 521 752 579 universae
800 522 888 579 rei
933 522 1201 594 publicae
1247 522 1506 594 periculo
1553 521 1838 594 decrevit,
1897 521 1957 579 id
2000 522 2063 579 in
2107 524 2276 580 unius

93 626 198 667 mea
265 611 451 667 salute
521 609 916 667 conservanda
989 609 1425 667 decernendum
1499 609 1736 681 putavit.
1854 609 2039 681 Quem
2113 611 2277 668 curia

90 697 239 770 magis
291 698 632 770 requisivit?
704 714 877 768 quem
930 697 1117 755 forum
1173 697 1357 754 luxit?
1430 714 1602 769 quem
1660 713 1845 769 aeque
1907 698 2035 770 ipsa
2095 698 2274 756 tribu-

92 785 218 841 nalia
279 782 799 843 desideraverunt?
906 783 1115 843 Omnia
1176 785 1433 842 discessu
1496 801 1626 843 meo
1682 784 1915 842 deserta
1931 828 1948 859 ,
2022 785 2275 859 horrida,

91 877 246 947 muta,
302 874 481 946 plena
521 873 714 931 luctus
754 879 815 931 et
857 874 1138 930 maeroris
1180 871 1432 931 fuerunt.
1523 872 1666 943 Quis
1714 877 1804 930 est
1847 872 2054 931 Italiae
2097 874 2274 948 locus,

89 961 133 1017 in
180 977 286 1033 quo
344 977 460 1019 non
517 958 692 1017 fixum
754 961 830 1018 sit
880 960 942 1017 in
1002 960 1248 1033 publicis
1310 961 1691 1018 monumentis
1760 960 2009 1020 studium
2073 961 2273 1020 salutis

89 1065 253 1120 meae,
299 1049 692 1106 testimonium
738 1048 1076 1119 dignitatis?

231 1138 286 1195 N
289 1154 383 1194 am
430 1136 568 1208 quid
619 1152 731 1208 ego
775 1137 877 1193 illa
922 1135 994 1194 de
1042 1154 1133 1194 me
1181 1135 1377 1193 divina
1422 1141 1655 1194 senatus
1702 1137 1964 1194 consulta
2025 1153 2272 1196 comme-
2291 1133 2377 1201 61

88 1229 317 1283 morem?
379 1224 474 1281 vel
544 1223 696 1296 quod
749 1225 812 1281 in
860 1225 1073 1296 templo
1125 1224 1276 1281 Iovis
1323 1223 1538 1296 Optimi
1593 1224 1832 1282 Maximi
1887 1222 2103 1282 factum
2164 1231 2271 1300 est,
2295 1228 2418 1286 129

88 1328 190 1369 cum
231 1313 320 1370 vir
375 1313 426 1369 is
443 1358 458 1386 ,
514 1313 613 1385 qui
659 1312 981 1385 tripertitas
1039 1311 1194 1370 orbis
1253 1317 1543 1369 terrarum
1588 1327 1723 1370 oras
1780 1317 1955 1384 atque
2002 1313 2271 1386 regiones

86 1401 241 1458 tribus
286 1400 589 1472 triumphis
635 1399 936 1458 adiunctas
981 1400 1114 1457 huic
1161 1399 1407 1471 imperio
1450 1400 1675 1458 notavit
1689 1445 1706 1473 ,
1767 1399 1840 1457 de
1887 1401 2103 1473 scripto
2142 1417 2273 1459 sen-

20 1499 29 1546 i
88 1489 246 1546 tentia
308 1489 468 1547 dicta
531 1487 671 1545 mihi
729 1490 827 1546 uni
891 1488 1283 1545 testimonium
1343 1488 1568 1559 patriae
1637 1496 2012 1545 conservatae
2078 1488 2270 1559 dedit;

19 1555 37 1848 l

89 1576 221 1633 euius
281 1576 634 1634 sententiam
701 1575 785 1634 ita
848 1573 1351 1648 frequentissimus
1423 1580 1657 1633 senatus
1718 1581 1947 1633 secutus
2016 1582 2135 1650 est,
2208 1582 2275 1634 ut

89 1680 208 1721 unus
251 1664 589 1723 dissentiret
645 1663 825 1722 hostis
880 1664 1053 1736 idque
1099 1664 1285 1736 ipsum
1343 1663 1555 1721 tabulis
1600 1663 1843 1735 publicis
1901 1664 2275 1723 mandaretur

89 1752 145 1809 ad
180 1752 512 1810 memoriam
554 1753 778 1824 posteri
818 1752 1092 1824 temporis
1138 1751 1574 1823 sempiternam:
1619 1752 1708 1810 vel
1748 1750 1898 1823 quod
1932 1756 2020 1809 est
2065 1753 2274 1824 postri-

20 1853 27 1914 ζ
90 1837 166 1896 die
208 1840 509 1898 decretum
554 1840 618 1896 in
666 1840 828 1897 curia
882 1841 1077 1913 populi
1122 1840 1303 1912 ipsius
1349 1838 1591 1896 Romani
1642 1844 1700 1897 et
1758 1855 1989 1913 eorum,
2044 1840 2142 1911 qui
2203 1856 2274 1898 ex

16 2330 33 2859 num-*u‘fl-UW-——n-*rw
18 2296 25 2307 ι-
20 2214 25 2275 ᾼ-..

93 1928 394 2000 municipiis
450 1933 871 2000 convenerant,
930 1927 1225 1985 admonitu
1241 1972 1256 1999 ,
1333 1944 1408 1984 ne
1465 1927 1590 1999 quis
1648 1927 1723 1985 de
1777 1927 1942 1985 caelo
1995 1933 2273 2001 servaret,

90 2030 147 2071 ne
184 2017 310 2088 quis
354 2031 574 2072 moram
619 2014 795 2072 ullam
840 2013 1126 2088 adferret3
1169 2015 1218 2073 si
1250 2015 1378 2087 quis
1408 2015 1581 2072 aliter
1618 2012 1885 2088 fecisset,
1932 2031 2062 2073 eum
2101 2014 2273 2087 plane

91 2118 391 2162 eversorem
447 2103 537 2161 rei
588 2102 854 2175 publicae
905 2100 1031 2161 fore
1077 2102 1249 2174 idque
1296 2108 1563 2161 senatum
1608 2103 1947 2175 gravissime
2006 2103 2275 2176 laturum,

92 2197 136 2247 et
170 2199 229 2250 ut
273 2192 472 2250 statim
516 2191 589 2249 de
637 2193 764 2250 eius
809 2190 963 2249 facto
1009 2191 1345 2250 referretur.
1458 2192 1584 2262 Qua
1641 2191 1929 2264 gravitate
1990 2207 2096 2249 sua
2148 2208 2276 2249 cum

93 2278 335 2353 frequens
397 2270 633 2337 senatus
699 2296 814 2337 non
873 2280 1160 2337 nullorum
1228 2280 1421 2336 scelus
1486 2278 1901 2351 audaciamque
1964 2280 2276 2353 tardasset,

93 2372 259 2427 tamen
279 2362 330 2448 2)
375 2366 517 2424 illud
565 2366 815 2441 addidit,
873 2372 934 2424 ut
952 2363 1035 2447 ⁸),
1103 2368 1152 2424 si
1205 2366 1411 2424 diebus
1453 2367 1735 2467 quinque,
1810 2367 2013 2440 quibus
2062 2368 2157 2441 agi
2203 2367 2275 2425 de

92 2469 161 2513 me
208 2457 525 2529 potuisset,
578 2470 693 2512 non
749 2460 908 2513 esset
963 2461 1183 2528 actum,
1245 2453 1502 2512 redirem
1563 2455 1623 2512 in
1682 2456 1929 2562 patriam
1990 2455 2275 2528 dignitate

92 2545 217 2600 omni
256 2546 625 2615 recuperata.

234 2631 516 2690 Decrevit
560 2629 764 2688 eodem
807 2635 1068 2702 tempore
1115 2635 1386 2703 senatus,
1431 2636 1496 2688 ut
1538 2631 1639 2704 iis,
1684 2631 1782 2702 qui
1826 2646 1898 2688 ex
1941 2635 2064 2688 tota
2107 2630 2279 2688 Italia
2296 2627 2385 2695 62

92 2718 262 2776 salutis
324 2734 495 2777 meae
566 2733 742 2776 causa
805 2724 1221 2790 convenerant,
1297 2723 1613 2791 agerentur
1678 2719 1903 2792 gratiae
1972 2723 2146 2790 atque
2214 2723 2279 2776 ut

93 2805 286 2881 eidem,
345 2808 421 2866 ad
466 2822 564 2864 res
606 2805 921 2864 redeuntes
976 2812 1040 2863 ut
1095 2806 1388 2879 venirent,
1448 2811 1813 2879 rogarentur.
1933 2805 2097 2864 Haec
2148 2811 2279 2863 erat
2298 2810 2425 2869 130

92 2893 382 2953 studiorum
426 2895 490 2951 in
535 2910 665 2951 mea
711 2895 899 2952 salute
946 2895 1266 2967 contentio,
1330 2899 1395 2951 ut
1438 2895 1522 2964 ei,
1583 2895 1680 2967 qui
1730 2910 1767 2951 a
1812 2898 2016 2952 senatu
2063 2894 2135 2952 de
2183 2908 2277 2951 me
2394 2903 2398 2907 ’

92 2982 417 3054 rogabantur
433 3027 448 3055 ,
509 2982 700 3040 eidem
755 2982 983 3040 senatui
1027 2999 1132 3055 pro
1177 2999 1269 3039 me
1316 2982 1723 3055 supplicarent.
1826 2982 2017 3054 Atque
2073 2983 2157 3038 ita
2214 2982 2278 3038 in

92 3066 165 3126 his
217 3072 390 3130 rebus
445 3087 596 3129 unus
657 3075 748 3128 est
805 3071 962 3128 solus
1021 3071 1319 3142 inventus,
1394 3071 1492 3142 qui
1547 3069 1622 3127 ab
1681 3070 1791 3128 hac
1852 3075 1969 3127 tam
2015 3071 2278 3141 impensa

92 3158 359 3218 voluntate
429 3158 708 3216 bonorum
793 3159 984 3231 palam
1053 3157 1388 3231 dissideret,
1484 3163 1549 3215 ut
1623 3158 1801 3215 etiam
1867 3155 1932 3226 Q.
2002 3157 2279 3215 Metellus

95 3249 296 3320 consul,
395 3246 494 3319 qui
555 3245 695 3303 mihi
755 3247 846 3303 vel
917 3245 1162 3304 maxime
1223 3263 1295 3304 ex
1368 3245 1591 3318 magnis
1652 3243 2116 3303 contentionibus
2189 3246 2281 3303 rei

93 3332 334 3402 publicae
376 3333 584 3392 fuisset
626 3333 921 3405 inimicae,
978 3333 1051 3391 de
1106 3349 1236 3391 mea
1283 3333 1469 3391 salute
1514 3332 1821 3391 rettulerit.
1912 3332 2021 3404 Qui
2067 3333 2285 3390 excita-

95 3424 170 3477 tus
223 3439 348 3480 cum
405 3437 627 3479 summa
682 3421 1030 3479 auctoritate
1088 3427 1324 3479 senatus
1380 3426 1500 3479 tum
1556 3420 1619 3479 P.
1664 3420 1895 3480 Servilii
1954 3420 2285 3479 incredibili

97 3509 316 3578 quadam
377 3511 668 3583 gravitate
714 3508 946 3568 dicendi
970 3502 1054 3588 4),
1114 3525 1243 3566 cum
1301 3509 1402 3567 ille
1460 3524 1658 3566 omnes
1704 3523 1885 3581 prope
1941 3506 2016 3565 ab
2078 3507 2285 3566 inferis

221 3734 271 3800 1)
308 3749 413 3786 esse
448 3730 670 3786 additur
701 3733 758 3786 in
795 3732 908 3786 cod.
947 3730 1214 3786 Gemblac.
1332 3731 1387 3800 2)
1420 3729 1665 3784 Lambin.
1701 3734 1832 3785 tum.
1956 3733 2011 3801 3)
2050 3732 2140 3787 Sic
2176 3733 2286 3788 cod.

99 3798 305 3865 Gembl.;
354 3805 523 3858 Paris.
575 3803 722 3869 nisi,·
768 3802 931 3870 vulgo
983 3807 1046 3854 ut
1098 3819 1198 3856 om.
1412 3802 1467 3869 4)
1514 3803 1580 3854 In
1618 3801 1764 3855 codd.
1800 3805 1883 3856 est
1918 3818 2128 3856 summa
2164 3818 2288 3856 cum

100 3873 400 3927 auctoritate
443 3874 510 3927 P.
551 3872 651 3926 Ser
652 3843 773 3925 vi'lii
819 3872 1059 3940 quadam
1100 3872 1371 3941 pravitate
1418 3871 1551 3936 ἀνίας
1601 3873 1877 3926 Manutius
1926 3889 1988 3926 ex
2033 3876 2169 3926 orat.
2220 3873 2286 3927 de
