2669 4354
451 233 477 286 1
491 232 528 288 8
1444 243 1662 284 onAr1o

442 419 643 476 mirari
694 419 848 475 visus
910 422 1014 475 est.
1116 417 1416 490 Intellexi,
1476 416 1612 489 quid
1673 433 1806 475 eum
1861 418 2213 490 pupugisset.
2318 417 2534 474 Iterum
2582 432 2623 472 ac

443 507 618 564 tertio
688 505 992 564 nominavi.
1102 505 1312 562 Postea
1382 504 1644 562 homines
1713 521 1950 563 cursare
2014 506 2165 562 ultro
2234 511 2293 562 et
2352 505 2495 562 citro
2545 521 2621 560 non

444 594 818 667 destiterunt,
876 593 1083 665 cred0,
1139 593 1237 664 qui
1297 592 1666 664 Chrysogono
1725 592 2064 650 nuntiarent
2118 609 2247 651 esse
2298 592 2544 664 aliquem
2587 592 2622 646 in

444 682 705 751 civitate,
764 683 861 753 qui
925 686 1127 739 contra
1171 681 1528 738 voluntatem
1576 682 1700 737 eius
1745 680 1944 738 dicere
1987 679 2259 754 auderet;
2317 681 2490 737 alit-er
2530 696 2622 736 cau-

443 786 565 827 sam
633 770 728 841 agi
807 775 980 842 atque
1045 769 1144 827 ille
1219 768 1603 841 existimaret3
1670 768 1887 840 aperiri
1957 767 2237 825 bonorum
2301 769 2620 840 emptionem„

442 858 641 916 vexari
699 858 948 929 pessime
1008 857 1381 928 societatem,
1444 857 1690 929 gratiam
1744 856 2176 928 potentiamque
2241 856 2367 914 eius
2413 854 2621 929 neglegi,

342 942 420 997 61
443 946 665 1003 iudices
709 944 1021 1018 diligenter
1067 943 1406 1016 attendere,
1452 944 1659 1016 populo
1704 961 1828 1001 rem
1867 943 2161 1015 indignam
2205 942 2411 1002 videri.
2501 944 2619 1013 Quae

444 1033 712 1105 quoniam
779 1039 839 1090 te
885 1031 1246 1104 fefellerunt,
1314 1031 1523 1104 Eruci,
1606 1032 1986 1104 quoniamque
2052 1031 2213 1089 vides
2295 1048 2466 1090 versa
2530 1046 2618 1088 esse

443 1127 664 1193 omnia,
710 1135 940 1178 causam
986 1136 1091 1191 pro
1123 1119 1251 1176 Sex.
1285 1120 1524 1192 Rosci0,
1571 1120 1621 1177 si
1665 1136 1779 1176 non
1824 1119 2145 1192 commode,
2192 1125 2252 1177 at
2296 1118 2483 1177 libere
2526 1117 2618 1187 dici,

443 1224 614 1281 quem
658 1207 795 1265 dedi
837 1207 1113 1280 putabaS,
1175 1205 1411 1265 defendi
1455 1207 1780 1279 intellegiS,
1828 1223 1965 1278 quos
2014 1206 2325 1265 tradituros
2368 1206 2617 1279 sperabas

442 1296 605 1354 vides
651 1296 939 1353 iudicare:
983 1295 1222 1353 restitue
1269 1294 1437 1353 nobis
1482 1294 1789 1366 aliquando
1834 1301 2092 1353 veterem
2134 1300 2294 1352 tuam
2340 1296 2501 1352 illam
2541 1292 2618 1350 cal-

442 1383 729 1442 liditatem
772 1389 946 1454 atque
987 1383 1379 1455 prudentiam,
1441 1386 1542 1439 aut
1586 1379 1859 1439 confitere
1887 1375 1936 1460 ¹)
1991 1383 2104 1439 huc
2151 1397 2223 1439 ea
2267 1399 2368 1454 spe
2415 1383 2615 1449 venisse,

443 1471 595 1543 quod
634 1475 870 1543 putares
914 1471 1010 1527 hic
1052 1471 1449 1542 latrocinium,
1495 1486 1609 1528 non
1655 1470 1928 1527 iudicium
1973 1468 2247 1528 futurum.

617 1559 708 1616 De
755 1558 1064 1631 parricidio
1110 1574 1285 1615 causa
1319 1558 1554 1614 dicitur:
1601 1558 1752 1614 ratio
1798 1558 1870 1615 ab
1898 1564 2230 1616 accusatore
2270 1558 2501 1615 reddita
2540 1572 2614 1613 non

341 1644 421 1699 62
445 1651 562 1719 est,
612 1663 782 1718 quam
837 1647 909 1704 ob
950 1662 1182 1703 causam
1227 1652 1453 1719 patrem
1512 1642 1664 1702 filius
1710 1646 2004 1704 occiderit.
2096 1645 2260 1716 Quod
2303 1646 2366 1702 in
2413 1643 2613 1703 minimis

441 1735 625 1792 noxiis
684 1739 743 1792 et
797 1734 857 1791 in
917 1734 1007 1791 his
1065 1734 1377 1792 levioribus
1416 1733 1700 1806 peccatiS,
1763 1750 1912 1805 quae
1953 1734 2136 1805 magis
2188 1732 2397 1791 crebra
2442 1741 2501 1792 et
2538 1734 2614 1789 iam

441 1839 622 1895 prope
676 1822 968 1880 cotidiana
1026 1827 1191 1895 sunt,
1245 1823 1339 1878 vel
1361 1816 1413 1899 2)
1459 1820 1705 1879 maxime
1760 1827 1820 1879 et
1859 1821 2104 1893 primum
2148 1822 2465 1893 quaeritur,
2509 1833 2613 1893 quae

443 1926 618 1968 causa
654 1908 923 1968 maleficii
969 1910 1172 1983 fuerit,
1232 1910 1295 1967 id
1339 1909 1588 1966 Erucius
1632 1909 1695 1965 in
1734 1908 2046 1981 parricidio
2070 1910 2291 1981 ,quaeri
2339 1926 2458 1966 non
2494 1910 2614 1981 putat

441 2004 726 2069 oportere.
807 1999 877 2055 In
938 2015 1051 2070 quo
1112 1997 1367 2070 scelere,
1437 1997 1691 2070 iudiceS,
1766 1998 1942 2055 etiam
2001 2014 2128 2055 cum
2176 1998 2394 2055 multae
2455 2009 2614 2054 causae

441 2087 776 2144 convenisse
837 2103 1013 2143 unum
1060 2086 1121 2142 in
1174 2086 1363 2142 locum
1424 2090 1599 2157 atque
1662 2085 1817 2142 inter
1876 2101 1938 2142 se
1999 2101 2321 2159 congruere
2374 2086 2615 2144 videntur.

437 2179 633 2232 tamen
691 2190 804 2232 non
858 2180 1080 2232 temere
1137 2173 1393 2232 creditur
1444 2191 1632 2246 neque
1692 2173 1806 2231 levi
1872 2173 2208 2232 coniectura
2251 2191 2349 2232 res
2391 2172 2615 2247 penditur

437 2279 627 2334 neque
675 2263 840 2321 testis
885 2263 1141 2320 incertus
1187 2262 1422 2320 auditur
1462 2279 1652 2334 neque
1700 2262 2054 2320 accusatoris
2098 2263 2333 2335 ingenio
2379 2280 2475 2320 res
2511 2258 2613 2318 iudi·

439 2356 616 2407 catur.
708 2349 849 2408 Cum
903 2352 1083 2407 multa
1138 2355 1314 2409 antea
1360 2350 1662 2407 commissa
1707 2348 2022 2424 maleficia,
2081 2367 2210 2407 cum
2255 2351 2375 2408 vita
2417 2346 2613 2408 hominis

435 2437 860 2512 perditissima,
939 2444 1060 2495 tum
1131 2438 1440 2510 singularis
1525 2438 1770 2495 audacia
1837 2439 2176 2495 ostendatur
2241 2455 2483 2497 necesse
2544 2438 2612 2493 est.

435 2543 624 2597 neque
687 2527 930 2584 audacia
975 2528 1190 2600 solum,
1249 2525 1355 2582 sed
1400 2542 1651 2583 summus
1696 2526 1858 2583 furor
1915 2531 2088 2597 atque
2130 2527 2404 2585 amentia.
2495 2525 2612 2582 Haec

437 2629 566 2670 cum
611 2614 725 2672 sint
767 2615 985 2688 omnia,
1031 2619 1229 2672 tamen
1275 2618 1506 2672 exstent
1549 2618 1777 2686 oportet
1808 2630 2084 2687 expressa
2123 2615 2363 2672 sceleris
2393 2611 2612 2684 vestigia

433 2702 561 2774 ubi,
631 2719 744 2774 qua
810 2704 1069 2776 ratione,
1135 2719 1243 2775 per
1309 2718 1482 2775 quOS,
1551 2718 1663 2772 quo
1721 2707 1984 2774 tempore
2040 2700 2383 2760 maleficium
2443 2703 2516 2760 sit
2548 2695 2612 2756 ad·

432 2790 682 2847 missum.
789 2790 950 2860 Quae
1006 2790 1120 2847 nisi
1179 2790 1361 2847 multa
1407 2794 1467 2847 et
1511 2787 1821 2847 manifesta
1866 2796 2034 2863 sunt,
2092 2789 2354 2863 profecto
2399 2807 2495 2849 res
2533 2794 2611 2844 tam

332 2875 410 2932 63
433 2879 712 2952 scelesta,
776 2883 894 2936 tam
940 2884 1135 2951 atrox,
1200 2883 1320 2935 tam
1366 2878 1596 2935 nefaria
1639 2877 1801 2935 credi
1843 2894 1957 2935 non
2003 2883 2211 2951 potest.
2301 2878 2519 2951 Magna
2557 2877 2610 2931 est

433 2967 587 3025 enim
643 2967 728 3024 vis
771 2967 1176 3039 humanitatis3
1235 2967 1475 3023 multum
1521 2965 1680 3023 valet
1723 2966 2041 3023 communio
2088 2967 2411 3040 sanguini83
2473 2963 2611 3023 recla-

430 3056 599 3112 mitat
663 3055 830 3112 istius
898 3054 1053 3111 modi
1113 3053 1530 3126 suspicionibus
1601 3053 1729 3125 ipsa
1790 3058 2027 3126 natura3
2096 3059 2425 3126 portentum
2481 3058 2608 3123 atque

431 3148 748 3200 monstrum
794 3143 1176 3200 certissimum
1220 3147 1310 3199 est
1356 3158 1482 3199 esse
1514 3142 1766 3214 aliquem
1811 3142 2064 3199 humana
2097 3144 2299 3214 'specie
2350 3148 2410 3201 et
2452 3140 2608 3213 figura.

430 3231 527 3302 qui
588 3235 813 3288 tantum
872 3230 1229 3288 immanitate
1287 3230 1505 3288 bestias
1561 3230 1797 3303 vicerit,
1870 3235 1962 3304 ut,
2017 3235 2255 3303 propter
2309 3248 2450 3303 quos
2502 3230 2608 3285 hanc

431 3318 827 3376 suavissimam
871 3319 1058 3377 lucem
1104 3319 1428 3391 aspexerit,
1474 3334 1574 3375 eos
1619 3317 2015 3391 indignissime
2046 3319 2175 3376 luce
2221 3319 2479 3392 privarit,
2523 3326 2607 3371 cum

433 3407 609 3465 etiam
674 3404 831 3464 feras
898 3408 1051 3466 inter
1117 3424 1246 3465 sese
1312 3411 1515 3479 partus
1582 3411 1755 3478 atque
1818 3406 2083 3464 educatio
2150 3412 2211 3465 et
2264 3412 2475 3465 natura
2522 3404 2609 3473 ipsa

431 3485 719 3553 conciliet.

606 3798 658 3862 1)
699 3801 801 3848 aut
836 3794 1089 3861 confitere
1126 3800 1176 3846 te
1211 3796 1344 3849 coni.
1372 3795 1671 3848 Hotoman:
1709 3798 1809 3846 aut
1848 3798 1903 3848 et
1940 3799 1991 3848 te
2022 3812 2121 3849 om.
2149 3795 2327 3864 codd.‚
2363 3785 2607 3850 Eberhard.

428 3868 636 3920 Miiller.
801 3867 854 3934 2)
893 3866 977 3919 vel
1010 3865 1303 3918 Eberhard.
1345 3865 1496 3919 codd.
1534 3865 1625 3931 id,
1663 3865 1755 3917 alii
1796 3865 1984 3919 editor.
2024 3872 2074 3918 et
2111 3867 2287 3932 scrib„
2325 3867 2418 3920 alii
2454 3864 2512 3919 id
2540 3875 2606 3912 0111·
