2669 4354
2 134 5 175 l

4 268 9 309 l

805 251 918 289 PRO
956 251 1009 289 T.
1057 249 1244 288 Amo
1284 250 1532 287 mamm.
2137 234 2273 291 ο187

4 420 13 455 ²
97 442 172 483 res
210 425 289 482 his
333 424 681 482 testimoniis
728 423 845 481 sint
889 422 1207 483 confectae.
1299 424 1554 482 Primum
1601 428 1762 481 certe
1807 423 2090 482 liberatur
2134 422 2279 480 Milo
2298 426 2378 484 47

4 584 9 631 ἒ

96 530 189 571 non
228 528 290 570 eo
335 512 575 570 consilio
618 510 915 584 profectus
962 528 1090 570 esse
1117 506 1199 591 ¹),
1261 518 1325 569 ut
1369 512 1745 570 insidiaretur
1800 512 1861 568 in
1906 512 2000 569 via
2046 511 2277 583 Clodi03

97 601 305 673 quippe,
368 601 414 656 si
462 600 563 657 ille
586 594 638 679 ²)
696 599 895 657 obvius
942 601 997 657 ei
1051 598 1275 657 futurus
1332 600 1562 658 omnino
1616 616 1731 657 non
1786 604 1931 658 erat.
2049 598 2277 658 Deinde

97 720 161 727 -
200 705 306 746 non
353 688 509 746 enim
554 687 756 760 vide0,
823 704 924 744 cur
970 704 1084 745 non
1129 704 1319 746 meum
1364 705 1589 761 quoque
1636 703 1807 760 agam
1852 688 2146 758 negotium
2193 720 2276 728 —

96 777 249 848 scitis,
294 776 546 849 iudiceS,
609 775 816 848 fuisse,
878 777 975 848 qui
1037 777 1097 832 in
1143 776 1250 834 hac
1309 778 1610 849 rogatione
1659 775 1955 833 suadenda
2015 775 2280 834 dicerent

94 865 294 922 Milonis
340 879 514 921 manu
552 862 792 920 caedem
839 880 968 922 esse
1008 864 1246 937 factam,
1293 864 1535 921 consilio
1567 878 1705 920 vero
1732 863 1966 921 maioris
2011 863 2276 921 alicuius:

94 968 164 1008 me
213 951 483 1009 videlicet
539 952 827 1009 latronem
886 967 957 1008 ac
1014 952 1280 1010 sicarium
1355 951 1570 1009 abiecti
1633 951 1892 1008 homines
1951 956 2011 1008 et
2064 950 2280 1023 perditi

92 1040 487 1097 describebant.
593 1039 796 1096 Iacent
831 1039 948 1096 suis
995 1040 1266 1113 testibus,
1313 1033 1449 1117 iis⁸)
1495 1040 1591 1111 qui
1638 1038 1900 1097 Clodium
1945 1044 2163 1111 negant
2210 1055 2280 1096 eo

92 1127 166 1184 die
206 1126 479 1200 Romam,
536 1127 647 1184 nisi
694 1127 764 1184 de
813 1125 960 1199 Cyro
1009 1127 1295 1201 audisset,
1355 1126 1531 1184 fuisse
1575 1126 1921 1185 rediturum:
1979 1126 2280 1201 respiravi,

8 1212 15 1249 Γ
90 1215 343 1273 liberatus
389 1231 543 1287 sum3
585 1230 701 1271 non
744 1230 981 1287 vereor,
1025 1232 1129 1288 ne,
1176 1215 1327 1288 quod
1368 1232 1442 1273 ne
1488 1215 1766 1288 suspicari
1801 1214 2035 1286 quidem
2079 1220 2281 1287 potue-

89 1303 203 1375 n'm,
265 1302 469 1360 videar
506 1302 567 1359 id
619 1303 921 1374 cogitasse.
1028 1302 1196 1360 Nunc
1239 1319 1561 1376 persequar
1606 1308 1820 1360 cetera.
1911 1302 2060 1359 Nam
2088 1318 2284 1361 occur·
2303 1304 2385 1362 48

89 1391 150 1448 rit
186 1391 352 1448 illud:
416 1390 629 1462 ‘igitur
672 1407 747 1448 ne
795 1389 1028 1448 Clodius
1072 1391 1302 1463 quidem
1373 1391 1445 1447 de
1503 1390 1726 1448 insidiis
1782 1389 2083 1464 cogitavit,
2143 1408 2284 1463 quo-

88 1479 216 1535 niam
258 1477 371 1535 fuit
418 1478 481 1535 in
524 1477 751 1535 Albano
797 1474 1139 1536 mansurus’.
1232 1479 1294 1536 Si
1342 1478 1575 1550 quidem
1616 1479 1875 1536 exiturus
1920 1478 1996 1535 ad
2043 1479 2285 1536 caedem

8 1606 15 1621 .
89 1583 112 1622 e
160 1567 288 1624 villa
346 1582 463 1623 non
522 1564 742 1622 fuisset.
858 1565 1042 1623 Video
1103 1567 1254 1624 enim
1310 1567 1506 1639 illum,
1575 1566 1672 1638 qui
1726 1564 1954 1623 dicatur
2017 1565 2088 1623 de
2149 1565 2285 1639 Cyri

8 1644 15 1653 “
86 1660 243 1712 morte
291 1654 623 1724 nuntiasse,
670 1669 785 1710 non
830 1652 891 1710 id
935 1655 1233 1712 nuntiasse
1252 1699 1267 1728 ,
1325 1654 1429 1712 sed
1474 1653 1751 1711 Milonem
1797 1654 2281 1726 appropinquare.

8 1742 17 1811 ’,
89 1741 209 1798 Nam
253 1742 398 1814 quid
458 1741 531 1798 de
580 1740 728 1814 Cyro
773 1743 1069 1799 nuntiaret
1087 1786 1101 1815 ,
1159 1759 1344 1815 quem,
1389 1740 1621 1799 Clodius
1675 1741 1860 1798 Roma
1914 1739 2285 1814 proficiscens

10 1826 19 1899 ξ
87 1830 387 1901 reliquerat
442 1830 828 1887 morientem?
930 1828 1059 1887 Una
1120 1830 1233 1902 fui,
1288 1834 1700 1887 testamentum
1761 1829 1928 1887 simul
1987 1829 2283 1903 obsignavi

88 1912 213 1992 [cum
243 1913 473 1993 Clodio]
490 1909 576 1997 ⁴),
620 1922 1030 1974 testamentum
1074 1923 1267 1975 autem
1312 1918 1506 1990 palam
1544 1915 1767 1975 fecerat
1811 1922 1871 1974 et
1912 1917 2071 1975 illum
2114 1917 2284 1975 here-

8 2000 15 2011 '
87 2004 192 2061 dem
238 2009 297 2063 et
344 2022 440 2062 me
488 2006 817 2076 scripserat.
924 2005 1105 2075 Quem
1151 2005 1336 2078 pridie
1380 2005 1524 2062 hora
1562 2005 1741 2063 tertia
1787 2006 2035 2062 animam
2082 2002 2284 2063 efflan-

87 2098 184 2149 tem
238 2094 605 2166 reliquisset,
687 2109 819 2150 eum
880 2097 1161 2150 mortuum
1217 2092 1497 2167 postridie
1553 2092 1697 2151 hora
1752 2091 1977 2149 decima
2036 2091 2283 2165 denique

89 2182 131 2237 ei
165 2180 584 2239 nuntiabatur?
687 2181 840 2254 Age,
883 2183 958 2238 sit
999 2182 1083 2239 ita
1127 2180 1371 2240 factum:
1427 2198 1575 2253 quae
1635 2197 1843 2255 causa,
1903 2197 2005 2238 cur
2045 2181 2286 2254 Romam
2304 2175 2390 2242 19

6 2255 15 2290 ”
88 2271 461 2341 properaret?
505 2285 609 2326 cur
646 2269 707 2325 in
752 2275 982 2327 noctem
1022 2285 1084 2326 se
1132 2271 1466 2328 coniceret?
1507 2270 1643 2342 quid
1690 2267 1991 2327 adferebat
2016 2262 2067 2347 ⁵)
2127 2268 2287 2328 festi·
2307 2270 2389 2329 49

6 2399 17 2452 ἓ
88 2358 314 2414 nationis
377 2357 531 2430 quod
575 2356 748 2414 heres
822 2362 993 2415 erat?
1099 2353 1365 2416 Primum
1414 2363 1542 2415 erat
1585 2356 1763 2430 nihil,
1830 2374 1935 2414 cur
1977 2363 2290 2431 properato

90 2460 208 2517 opus
252 2451 450 2516 esset3
514 2444 760 2517 deinde,
814 2445 863 2501 si
908 2445 1045 2517 quid
1093 2452 1272 2519 essct,
1332 2444 1473 2518 quid
1518 2445 1756 2503 tandem
1803 2450 1965 2519 erat,
2021 2446 2172 2517 quod
2219 2460 2291 2503 ea

6 2537 11 2552 ¹
89 2539 231 2591 nocte
290 2533 574 2604 consequi
633 2537 861 2605 posset,
942 2534 1238 2592 amitteret
1303 2539 1499 2592 autem
1519 2578 1533 2605 ,
1600 2533 1649 2591 si
1707 2531 1990 2605 postridie
2049 2533 2289 2591 Romam

89 2635 233 2677 mane
296 2621 604 2679 venisset?
692 2621 882 2692 Atque
950 2627 1015 2677 ut
1082 2622 1168 2678 illi
1232 2626 1548 2679 nocturnus
1619 2620 1693 2678 ad
1753 2619 1956 2678 urbem
2011 2620 2291 2679 adventus

89 2708 334 2767 vitandus
397 2709 590 2780 potius
638 2723 806 2779 quam
854 2709 1212 2780 expetendus
1257 2708 1396 2782 fuit,
1447 2709 1529 2765 sic
1574 2705 1817 2780 Miloni,
1877 2724 2004 2765 cum
2055 2708 2294 2766 insidia-

90 2799 166 2852 tor
206 2802 365 2854 esset
384 2840 399 2869 ,
466 2796 515 2852 si
558 2796 721 2852 illum
767 2795 839 2852 ad
887 2796 1092 2854 urbem
1135 2803 1308 2854 noctu
1370 2811 1738 2854 accessurum
1792 2793 2047 2868 sciebat,
2109 2795 2293 2853 subsi-

90 2883 317 2941 dendum
371 2888 546 2955 atque
596 2882 1046 2954 exspectandum
1092 2882 1217 2941 fuit.
1327 2884 1513 2941 Nemo
1562 2884 1616 2941 ei
1661 2884 1898 2954 neganti
1947 2899 2061 2940 non
2108 2883 2293 2941 credi·
2315 2884 2397 2942 50

89 2968 273 3044 disset,
350 2987 525 3043 quem
588 2987 714 3029 esse
782 2986 981 3029 omnes
1042 2973 1289 3045 salvum,
1363 2972 1539 3029 etiam
1602 2969 2004 3044 confitentem,
2079 2974 2292 3028 volunt.

90 3055 455 3116 Sustinuisset
498 3058 608 3117 hoc
657 3060 875 3116 crimen
926 3060 1172 3131 primum
1219 3061 1343 3132 ipse
1390 3060 1490 3117 ille
1537 3060 1824 3117 latronum
1872 3059 2192 3117 occultator
2236 3064 2296 3117 et

90 3153 345 3219 receptor
388 3148 583 3220 locuS,
660 3163 787 3204 cum
808 3140 859 3226 ⁶)
903 3158 1094 3220 neque
1154 3154 1317 3205 muta
1375 3148 1623 3205 solitudo
1684 3146 2028 3221 indicasset,
2103 3162 2295 3220 neque

214 3331 266 3397 1)
308 3329 398 3381 lib.
441 3328 609 3381 Milo.-
661 3345 775 3382 non
824 3345 883 3381 eo
934 3345 1078 3383 cons,
1119 3332 1400 3397 profectus
1438 3336 1517 3384 est
1551 3329 1807 3390 Hedicke.
2022 3328 2075 3395 2)
2121 3328 2172 3382 si
2205 3329 2298 3383 ille

93 3396 145 3450 de
184 3399 470 3453 Goerenzii
521 3399 657 3452 coni.
708 3401 860 3453 uncis
909 3400 1101 3453 incius.
1154 3398 1321 3454 Orelli
1334 3421 1348 3464 3
1410 3401 1459 3452 si
1508 3400 1599 3452 ille
1649 3417 1747 3453 om.
1801 3400 2001 3466 quippe
2046 3398 2229 3452 Madvi
2284 3422 2296 3464 ;

93 3467 264 3535 quippe
302 3469 401 3536 qui
439 3469 489 3520 ei
524 3469 715 3522 obvias
752 3471 960 3524 Ernest.
1004 3469 1187 3524 Garat.
1228 3471 1454 3540 Peyron.
1566 3471 1620 3537 3)
1665 3471 1755 3524 Sic
1781 3470 2024 3533 Richter;
2062 3469 2107 3521 ii
2129 3419 2297 3533 oodff„

95 3541 215 3604 quod
252 3541 426 3593 deleV.
465 3537 744 3600 Garatoni,
786 3540 1031 3609 Madvig,
1074 3541 1182 3594 alii.
1305 3542 1363 3607 4)
1400 3556 1522 3592 cum
1564 3540 1755 3595 Clodio
1789 3541 2020 3595 Richter
2049 3544 2104 3593 et
2139 3541 2297 3594 Halm

95 3607 429 3664 incluserunt.
564 3612 617 3678 5)
657 3610 793 3677 quid
825 3610 1109 3674 adferebat
1146 3626 1317 3663 causa
1358 3611 1476 3675 fest.
1517 3611 1623 3665 cod.
1659 3611 1870 3677 Colon.,
1906 3610 2046 3665 unde
2083 3611 2300 3665 Ernesti

101 3695 186 3733 scr.
235 3680 371 3746 quid
404 3679 520 3745 ads.
552 3696 774 3732 causam
808 3681 1182 3747 festinationis
1200 3678 1258 3746 ,9,-
1294 3681 1460 3734 Halm
1500 3683 1553 3734 et
1588 3681 1795 3751 Kayser
1846 3682 1910 3734 de
1948 3682 2117 3736 Wexii
2168 3682 2297 3736 coni.

96 3747 236 3812 (Tac.
281 3752 415 3817 Agr.
463 3766 515 3818 p.
549 3750 618 3805 89
657 3754 731 3819 n.)
781 3751 969 3817 ecquid
1018 3750 1131 3818 ads.
1182 3752 1393 3817 festin.;
1449 3751 1671 3806 Richter
1720 3752 1852 3820 quid
1896 3753 2010 3818 ads.
2064 3752 2299 3819 festma-

99 3817 293 3873 tiones?
463 3821 519 3885 6)
580 3824 696 3872 tum
730 3822 901 3889 codd,
941 3821 1083 3891 quod
1121 3822 1240 3876 incl.
1278 3821 1569 3886 Matthiae,
1607 3822 1904 3888 Eberhard;
1943 3838 2064 3876 cum
2088 3823 2300 3877 Ernest.

100 3888 269 3956 Halm3
309 3890 440 3944 dam
476 3890 637 3945 Orell.
