2669 4354
755 215 835 253 DE
880 214 1132 254 IMPERIO
1176 214 1267 255 cn.
1313 215 1554 254 POMPEI.
2178 199 2256 256 51

94 393 160 444 est
195 404 308 444 cum
354 388 468 445 illis
527 388 785 459 pecuniis
822 389 1097 447 Asiaticis
1144 394 1205 446 et
1250 389 1558 461 cohaeret3
1613 405 1784 447 ruere
1829 389 1932 447 illa
1974 405 2088 447 non
2132 405 2262 461 pos-

92 480 214 549 sunt,
283 479 344 532 ut
406 474 553 534 haec
620 492 736 535 non
802 475 1008 534 eodem
1070 474 1362 535 labefacta
1417 482 1575 534 motu
1637 476 1962 535 concidant.
2072 477 2263 548 Quare

92 563 274 637 videte,
339 581 475 621 num
543 564 922 623 dubitandum
986 565 1146 623 vobis
1213 565 1290 622 sit
1348 565 1505 623 omni
1564 564 1754 623 studio
1814 564 1888 622 ad
1943 564 2004 622 id
2047 563 2262 622 bellum

91 651 406 725 incumbere,
469 653 529 708 in
578 669 692 724 quo
737 653 922 725 gloria
967 654 1214 713 nominis
1253 653 1465 727 vestri,
1520 654 1675 710 salus
1720 654 2030 726 sociorum,
2086 653 2263 711 vecti-

91 740 210 819 galia
269 741 545 812 maxima,
613 738 879 799 fortunae
937 742 1310 814 plurimorum
1369 742 1576 799 civium
1636 742 1978 799 coniunctae
2023 758 2151 798 cum
2197 757 2262 798 re

88 822 273 896 publica
307 825 713 886 defendantur.

225 916 498 985 Quoniam
557 916 630 975 de
684 932 899 990 genere
943 917 1083 975 belli
1128 916 1272 991 dixi,
1331 933 1484 974 nuuc
1522 915 1594 975 de
1637 917 2032 988 magnitudine
2078 932 2262 988 pauca
2282 908 2325 974 8

87 1000 250 1060 dicam.
334 1004 538 1064 Potest
583 1005 740 1063 enim
783 1006 892 1063 hoc
938 1004 1080 1078 dici,
1137 1005 1281 1064 belli
1325 1021 1510 1077 genus
1551 1021 1677 1062 esse
1722 1005 1804 1062 ita
1849 1006 2262 1076 necessarium,
2283 1003 2367 1060 20

87 1095 133 1146 ut
167 1092 233 1148 sit
272 1093 618 1167 gerendum,
677 1110 791 1151 non
831 1109 959 1152 esse
1012 1093 1097 1150 ita
1141 1109 1443 1167 magnum,
1503 1098 1569 1150 ut
1612 1094 1687 1151 sit
1723 1091 2264 1166 pertimescendum.

85 1179 134 1234 In
186 1197 288 1251 quo
345 1182 598 1239 maxime
659 1181 1039 1241 laborandum
1059 1179 1108 1254 ¹)
1157 1187 1272 1255 est,
1341 1197 1416 1239 ne
1464 1179 1615 1239 forte
1662 1197 1735 1239 ea
1754 1174 1805 1263 ²)
1852 1182 2043 1255 vobis,
2113 1198 2262 1252 quae

86 1266 485 1339 diligentissime
565 1270 921 1342 providenda
995 1274 1160 1342 sunt,
1244 1268 1668 1328 contemnenda
1742 1286 1869 1327 esse
1946 1269 2265 1328 videantur.

86 1355 236 1426 Atque
299 1364 362 1414 ut
426 1374 633 1415 omnes
698 1358 1045 1430 intellegant
1100 1374 1194 1415 me
1254 1358 1320 1416 L.
1384 1357 1626 1415 Lucullo
1687 1362 1911 1415 tantum
1967 1359 2265 1429 impertire

85 1442 258 1516 laudis,
312 1452 593 1517 quantum
649 1444 785 1503 forti
831 1447 953 1503 viro
995 1450 1055 1502 et
1103 1446 1353 1518 sapienti
1397 1445 1616 1503 homini
1665 1451 1726 1503 et
1766 1462 1975 1518 magno
2018 1447 2268 1517 impera-

86 1532 167 1587 tori
225 1532 536 1607 debeatur,
607 1533 737 1592 dico
798 1535 924 1592 eius
984 1532 1238 1592 adventu
1304 1535 1581 1592 maximas
1646 1533 2001 1591 Mithridatis
2071 1534 2266 1606 copias

82 1620 301 1678 omnibus
358 1621 541 1681 rebus
603 1628 838 1680 ornatas
883 1627 1056 1693 atque
1101 1622 1413 1680 instructas
1452 1621 1662 1695 fuisse,
1724 1621 2040 1694 urbemque
2089 1622 2267 1679 Asiae

83 1706 417 1767 clarissimam
448 1710 735 1782 nobisque
762 1710 1189 1783 amicissimam,
1222 1708 1653 1783 Cyzicenorum,
1700 1708 1994 1767 obsessam
2026 1725 2156 1768 esse
2193 1711 2265 1767 ab

83 1794 177 1865 ipso
232 1815 366 1871 rege
434 1800 692 1857 maxima
755 1798 1121 1857 multitudine
1189 1803 1253 1857 et
1308 1806 1695 1873 oppugnatam
1741 1798 2268 1869 vehementissime,

87 1900 221 1951 quam
262 1886 321 1946 L.
365 1887 649 1944 Lucullus
693 1886 933 1961 virtute,
980 1885 1359 1961 adsiduitate,
1408 1887 1648 1945 consilio
1689 1888 1926 1943 summis
1952 1885 2267 1945 obsidionis

86 1973 311 2038 periculis
367 1975 647 2045 liberauit
665 1968 744 2054 ³);
807 1974 879 2033 ab
945 1975 1150 2033 eodem
1203 1976 1553 2047 imperatore
1606 1976 1849 2033 classem
1894 1990 2158 2048 magnam
2208 1978 2270 2030 et
2287 1967 2364 2022 21

89 2067 334 2136 ornatam,
397 2079 556 2134 quae
615 2063 856 2121 ducibus
916 2063 1268 2122 Sertorianis
1328 2063 1404 2120 ad
1457 2063 1688 2121 Italiam
1730 2063 1919 2120 studio
1941 2056 1995 2138 4)
2046 2058 2267 2119 inflam-

88 2152 207 2206 mata
232 2157 572 2226 raperetur,
617 2156 951 2226 superatam
983 2168 1111 2211 esse
1140 2157 1314 2225 atque
1349 2150 1705 2225 depressam3
1751 2167 1988 2222 magnas
2022 2149 2268 2209 hostium

88 2244 357 2313 praeterea·
397 2241 602 2314 copias
646 2242 839 2298 multis
869 2240 1108 2313 proeliis
1139 2256 1269 2299 esse
1300 2240 1526 2299 deletas
1557 2238 2024 2312 patefactumque
2057 2240 2268 2296 nostris

87 2320 360 2396 legionibus
429 2345 567 2387 esse
621 2329 895 2402 Pontum,
964 2330 1063 2401 qui
1128 2334 1304 2388 antea
1369 2329 1582 2401 populo
1644 2329 1905 2388 Romano
1975 2345 2046 2385 ex
2114 2328 2269 2385 omni

86 2410 209 2471 aditu
248 2416 476 2475 clausus
525 2415 760 2490 fuisset,
815 2416 1069 2489 Sinopen
1114 2422 1288 2490 atque
1330 2414 1595 2474 Amisum
1614 2462 1629 2489 ,
1688 2416 1895 2489 quibus
1938 2417 1998 2473 in
2044 2415 2269 2487 oppidis

85 2507 215 2559 erant
248 2503 545 2563 domicilia
588 2506 778 2578 regis,
823 2506 1088 2564 omnibus
1117 2506 1291 2563 rebus
1323 2511 1559 2563 ornatas
1606 2520 1675 2561 ac
1707 2503 1982 2576 refertas,
2015 2509 2272 2561 ceteras-

84 2601 168 2656 que
206 2592 368 2650 urbes
414 2593 597 2651 Ponti
643 2598 704 2651 et
750 2592 1154 2667 Cappadociae
1201 2594 1516 2665 permultas
1553 2609 1667 2650 uno
1709 2591 1870 2649 aditu
1905 2591 2269 2663 adventuque

86 2688 183 2733 esse
224 2686 418 2754 captas
439 2675 496 2760 5)
517 2725 535 2754 ,
581 2697 782 2754 regem
823 2682 1130 2754 spoliatum
1174 2697 1356 2753 regno
1399 2682 1590 2753 patrio
1627 2685 1800 2752 atque
1832 2680 1988 2737 avito
2019 2678 2091 2736 ad
2124 2679 2269 2736 alios

84 2775 130 2816 se
166 2781 320 2839 reges
364 2776 551 2842 atque
597 2769 672 2826 ad
717 2770 863 2827 alias
899 2775 1106 2841 gentes
1142 2769 1460 2842 supplicem
1507 2768 1844 2840 contulisse3
1903 2773 2077 2838 atque
2123 2766 2270 2824 haec

83 2854 237 2912 omnia
298 2859 475 2916 salvis
550 2857 745 2930 populi
791 2857 1037 2916 Romani
1109 2858 1281 2915 sociis
1352 2862 1527 2929 atque
1587 2856 1833 2927 integris
1886 2854 2268 2926 vectigalibus

83 2951 182 2996 esse
221 2950 395 3017 gesta.
472 2945 632 3003 Satis
677 2946 881 3020 opinor
925 2946 1072 3005 haec
1120 2962 1248 3005 esse
1273 2940 1326 3025 ⁶)
1368 2944 1554 3002 laudis
1575 2989 1590 3018 ‚
1635 2948 1808 3015 atque
1836 2944 1947 3016 ita,
1994 2942 2267 3014 Quirites,

84 3030 129 3081 ut
161 3028 258 3090 hoc
301 3050 403 3092 vos
450 3035 831 3107 intellegati8‚
878 3050 914 3091 a
948 3035 1105 3091 nullo
1148 3035 1415 3107 istorum,
1462 3033 1560 3105 qui
1605 3032 1741 3089 huic
1787 3032 2120 3090 obtrectant
2149 3029 2269 3102 legi

84 3117 224 3186 atque
267 3137 512 3196 causae,
573 3122 636 3178 L.
681 3122 981 3180 Lucullum
1019 3121 1289 3180 similiter
1334 3138 1408 3179 ex
1452 3120 1563 3179 hoc
1606 3120 1732 3178 loco
1779 3135 1907 3176 esso
1954 3117 2266 3176 laudatum.

224 3207 575 3281 Requiretur
630 3210 876 3269 fortasse
929 3227 1106 3283 nunc,
1164 3227 1337 3282 quem
1380 3208 1454 3265 ad
1500 3207 1757 3280 modum,
1819 3224 1947 3264 cum
1995 3206 2141 3263 haec
2186 3190 2331 3262 ita9

85 3288 197 3362 sint,
237 3299 530 3370 reliquum
574 3299 754 3371 possit
790 3293 1061 3370 magnum
1105 3314 1231 3356 esse
1262 3297 1494 3356 bellum.
1567 3295 1938 3368 cognoscite,
1986 3294 2269 3364 Quirites:
2292 3284 2370 3340 22

227 3550 277 3615 1)
323 3549 724 3604 elaborandum
755 3550 930 3616 Bake,
969 3549 1195 3617 Kayser.
1444 3546 1498 3613 2)
1548 3562 1611 3597 ea
1647 3545 1975 3598 Buttmann:
2015 3561 2051 3596 a
2088 3545 2269 3612 vulgo.

83 3613 123 3680 3)
170 3619 460 3675 Mommsen
502 3621 763 3674 liberarit.
1044 3621 1100 3686 4)
1157 3623 1319 3684 atque
1355 3616 1480 3670 odio
1516 3616 1725 3670 addunt
1759 3615 1990 3669 editores
2027 3616 2271 3684 plerique

82 3698 129 3736 ex
161 3690 266 3744 cod.
305 3691 493 3745 Colon.
709 3693 763 3760 5)
804 3691 1026 3744 clausas
1066 3689 1218 3744 codd.
1466 3688 1522 3752 6)
1560 3685 1794 3739 concessi
1828 3684 2134 3748 Eberhard3
2175 3685 2271 3739 alii

84 3758 219 3881 quq}
241 3762 587 3885 verisimilius
627 3765 711 3816 est
745 3763 869 3830 post
902 3762 986 3814 ita
1024 3758 1369 3829 participium
1406 3758 1552 3811 velut
1588 3756 1769 3823 edita,
1819 3756 1968 3809 dicta
1986 3796 2003 3822 ,
2058 3755 2270 3808 tributa

84 3840 168 3880 excl
205 3848 306 3885 isse
344 3851 417 3901 pu
447 3850 518 3886 an
547 3876 558 3887 .

1741 3915 1835 3978 44?
