2669 4354
407 229 531 284 238
1411 245 1628 284 oaA'mo

405 437 474 479 eo
523 420 617 478 die
663 420 884 478 Sestius
904 464 919 493 ,
985 421 1036 478 is
1085 422 1182 494 qui
1228 425 1317 478 est
1378 420 1449 478 de
1509 421 1565 479 vi
1623 437 1789 494 reus3
1863 424 2025 477 actor
2082 418 2178 475 hic
2236 415 2600 488 defensorque

405 524 614 566 causae
681 525 848 566 meae
908 508 1051 566 nihil
1117 509 1512 583 progreditur,
1593 508 1835 568 consilia
1900 511 2200 579 exspectat
2263 505 2602 563 inimicorum

403 613 682 655 meorum.
805 597 956 667 Quid
1017 596 1104 654 illi
1122 642 1137 670 ,
1204 613 1441 670 quorum
1508 597 1745 654 consilio
1807 597 1872 655 P.
1907 594 2143 654 ‘Sestius
2217 594 2281 651 in
2348 593 2603 651 iudicium

402 690 667 757 vocatur,
727 702 839 756 quo
884 702 948 742 se
993 690 1163 757 paeto
1209 689 1460 757 gerunt?
1560 684 1700 742 Cum
1745 684 1960 757 forum,
2022 683 2345 756 comitium,
2402 681 2604 739 curiam

404 774 587 831 multa
631 773 705 831 de
760 778 929 830 nocte
991 774 1228 832 armatis
1284 773 1609 832 hominibus
1670 790 1737 831 ac
1797 773 1979 831 servis
2029 771 2322 844 plerisque
2380 785 2605 841 occupa-

403 862 654 935 vissent,
719 862 1000 933 impetum
1053 860 1275 919 faciunt
1326 862 1388 919 in
1430 861 1796 936 Fabricium,
1863 877 2066 919 manus
2110 856 2411 932 adferunt,
2476 856 2606 916 occi-

304 948 382 1004 76
405 949 549 1007 dunt
593 966 710 1007 non
751 949 967 1022 nullos,
1025 949 1331 1008 voluerant
1372 952 1594 1008 multos.
1697 949 2045 1008 Venientem
2095 948 2158 1004 in
2204 943 2393 1005 forum
2437 947 2606 1004 virum

406 1038 683 1109 optimum
729 1043 790 1095 et
844 1038 1397 1113 constantissimum,
1457 1039 1536 1095 M.
1585 1037 1833 1110 Cispium
1855 1081 1869 1110 ,
1938 1036 2235 1094 tribunum
2280 1034 2498 1108 plebis,
2560 1033 2605 1089 vi

405 1125 735 1198 depellunt:
783 1124 1022 1184 caedem
1051 1126 1112 1183 in
1141 1124 1267 1185 foro
1300 1128 1605 1184 maximam
1636 1124 1886 1184 faciunt:
1930 1124 2301 1196 universique
2336 1122 2609 1180 destrictis

404 1213 611 1286 gladiis
653 1217 713 1272 et
758 1214 1011 1272 cruentis
1046 1215 1108 1272 in
1140 1213 1402 1272 omnibus
1443 1213 1553 1272 fori
1600 1213 1860 1287 partibus
1896 1211 2136 1270 fratrem
2181 1227 2377 1269 meum
2398 1256 2414 1284 ,
2443 1212 2612 1269 virum

404 1301 709 1375 optimum,
768 1301 1141 1360 fortissimum
1208 1302 1437 1375 meique
1509 1302 1962 1360 amantissimum
1991 1293 2070 1378 1),
2143 1301 2324 1357 oculis
2385 1314 2612 1372 quaere-

403 1389 570 1461 bant,
617 1406 759 1449 voce
805 1391 1143 1463 poscebant.
1233 1390 1486 1460 Quorum
1533 1391 1632 1447 ille
1679 1390 1812 1446 telis
1857 1389 2111 1447 libenter
2156 1388 2217 1445 in
2261 1393 2431 1446 tanto
2473 1388 2614 1445 luctu

403 1494 474 1535 ac
519 1477 808 1536 desiderio
851 1478 968 1534 mei
1024 1494 1140 1535 non
1193 1477 1579 1551 repugnandi,
1642 1477 1746 1535 sed
1789 1475 2078 1535 moriendi
2123 1492 2302 1534 causa
2322 1470 2378 1556 ²)
2428 1492 2613 1548 corpus

403 1565 707 1624 obtulisset
751 1583 948 1638 suum,
992 1566 1106 1622 nisi
1151 1581 1314 1623 suam
1360 1567 1534 1623 vitam
1579 1565 1655 1622 ad
1698 1582 1862 1638 spem
1907 1565 2025 1623 mei
2064 1563 2288 1622 reditus
2335 1580 2613 1624 reservas-

402 1657 513 1711 set.
621 1652 813 1711 Subiit
871 1659 1069 1712 tamen
1126 1655 1241 1710 vim
1297 1654 1454 1711 illam
1508 1652 1795 1711 nefariam
1860 1653 2394 1712 consceleratorum
2459 1653 2614 1710 lat-ro-

401 1758 541 1799 num
586 1745 671 1815 et,
727 1758 855 1799 cum
901 1741 977 1800 ad
1021 1741 1217 1799 fratris
1262 1742 1509 1799 salutem
1555 1758 1588 1799 a
1632 1742 1842 1814 populo
1886 1741 2150 1799 Romano
2195 1740 2612 1813 deprecandam

402 1830 684 1904 venisset,
740 1830 938 1902 pulsus
994 1846 1025 1887 e
1077 1829 1278 1887 rostris
1325 1830 1389 1887 in
1443 1829 1676 1887 comitio
1732 1830 1916 1887 iacuit
1967 1846 2146 1902 seque
2205 1845 2510 1887 servorum
2568 1832 2615 1884 et

399 1918 739 1975 libertorum
783 1917 1118 1990 corporibus
1150 1917 1371 1975 obtexit
1406 1918 1697 1990 vitamque
1739 1923 1864 1975 tum
1910 1934 2075 1975 suam
2119 1917 2312 1975 noctis
2363 1923 2427 1975 et
2462 1915 2612 1989 fugae

300 2003 379 2059 77
399 2005 723 2079 praesidi0,
787 2022 903 2063 non
957 2005 1099 2063 iuris
1159 2004 1618 2077 iudiciorumque
1684 2003 1961 2064 defendit.
2074 2005 2437 2063 Meministis
2495 2012 2613 2074 tum,

400 2093 623 2151 iudices
642 2137 656 2165 ,
717 2092 1049 2165 corporibus
1110 2093 1320 2150 civium
1369 2092 1626 2150 Tiberim
1673 2094 1977 2167 compleri,
2055 2094 2288 2151 cloacas
2352 2090 2613 2162 resarciri,

402 2199 436 2239 e
494 2181 620 2239 foro
681 2181 932 2254 spongiis
994 2179 1191 2256 effingi
1210 2176 1263 2260 ³)
1340 2183 1702 2256 sanguinem,
1777 2187 1843 2239 ut
1911 2198 2114 2247 omnes
2175 2187 2410 2241 tantam
2477 2182 2614 2240 illam

401 2270 624 2342 copiam
676 2274 735 2326 et
780 2275 897 2327 tam
957 2267 1321 2342 magnificum
1368 2275 1708 2342 apparatum
1756 2287 1875 2328 non
1928 2270 2222 2342 privatum
2275 2277 2387 2329 aut
2438 2269 2613 2343 plebe·

400 2358 553 2431 ium,
600 2357 704 2415 sed
747 2358 1057 2429 patricium
1102 2363 1162 2416 et
1205 2358 1555 2430 praetorium
1605 2374 1731 2416 esse
1782 2357 2230 2416 arbitrarentur.

286 2435 380 2502 36
574 2443 734 2503 Nihil
797 2461 987 2517 neque
1034 2450 1171 2504 ante
1216 2446 1325 2502 hoc
1380 2450 1606 2518 tempus
1663 2462 1852 2518 neque
1912 2448 2025 2504 hoc
2071 2447 2199 2518 ipso
2257 2445 2614 2504 turbulentis·

399 2533 544 2590 simo
599 2533 694 2591 die
754 2533 1135 2590 criminamini
1183 2533 1436 2592 Sestium
1457 2526 1527 2614 4).
1578 2565 1660 2573 -
1707 2532 1905 2605 ‘Atqui
1957 2534 2046 2592 vis
2107 2534 2170 2590 in
2225 2533 2360 2593 foro
2408 2536 2615 2592 versata

398 2621 526 2679 est.’
587 2650 670 2659 —
752 2618 953 2678 Certe:
1029 2620 1256 2692 quando
1312 2621 1465 2678 enim
1524 2622 1746 2678 maior?
1863 2621 2290 2695 Lapidationes
2347 2635 2612 2696 persaepe

396 2707 670 2779 vidimus,
746 2724 865 2765 non
923 2709 1009 2764 ita
1072 2724 1278 2782 saepe,
1353 2708 1458 2766 sed
1523 2709 1760 2766 nimium
1828 2714 2029 2767 tamen
2098 2724 2284 2782 saepe
2385 2710 2614 2783 gladios:

398 2796 636 2855 caedem
680 2812 819 2854 vero
865 2799 1086 2853 tantam
1105 2840 1121 2870 ,
1200 2800 1391 2852 tantos
1436 2812 1674 2855 acervos
1721 2814 2029 2870 corporum
2089 2802 2455 2871 exstructOS,
2521 2794 2616 2854 nisi

394 2885 544 2942 forte
604 2885 704 2942 illo
765 2882 1025 2941 Cinnano
1081 2888 1252 2955 atque
1301 2881 1616 2941 Octaviano
1676 2884 1804 2959 die,
1866 2884 1995 2957 quis
2058 2888 2338 2958 umquam
2396 2888 2459 2944 in
2510 2885 2616 2942 foro

391 2973 574 3032 vidit?
665 2971 791 3042 Qua
852 2987 923 3029 ex
985 2970 1375 3029 concitatione
1395 2965 1447 3051 ⁵)
1508 2972 1867 3030 animorum?
1965 2972 2120 3032 Nam
2180 2991 2255 3032 ex
2310 2971 2615 3047 pertinacia

390 3067 494 3119 aut
560 3059 890 3118 constantia
956 3058 1359 3116 intercessoris
1425 3060 1609 3118 oritur
1670 3076 1847 3133 saepe
1912 3061 2158 3135 sediti0,
2234 3063 2425 3121 oritur
2493 3079 2556 3119 ex
2573 3054 2613 3134 ⁶)

314 3224 329 3230 ⁹
389 3149 564 3222 culpa
619 3153 798 3221 atque
852 3145 1227 3219 improbitate
1296 3146 1498 3204 latoris
1561 3148 1860 3205 commodo
1920 3149 2118 3221 aliquo
2183 3151 2474 3223 imperitis
2533 3152 2616 3206 aut

384 3237 696 3309 largitione
737 3235 1039 3308 proposita
1061 3226 1141 3312 ⁷),
1182 3233 1367 3290 oritur
1404 3251 1475 3291 ex
1512 3236 1945 3294 concertatione
1989 3239 2476 3311 magistratuum3
2519 3234 2615 3294 ori-

530 3437 584 3502 1)
622 3436 804 3488 virum
841 3433 1106 3501 optimum
1144 3465 1211 3471 —
1248 3431 1693 3484 amantissimum
1729 3433 1937 3499 Kayser
1977 3436 2138 3489 uncis
2175 3437 2303 3490 incl.
2430 3436 2483 3500 2)
2517 3447 2614 3484 non

383 3505 762 3573 repuynandi,
803 3504 898 3557 sed
924 3501 1192 3555 moriendi
1216 3517 1386 3554 cau-sa
1411 3502 1558 3561 Bake
1589 3505 1644 3555 et
1667 3503 1879 3572 Kayser
1920 3521 2045 3559 unc.
2076 3506 2208 3560 incl.
2312 3509 2368 3572 3)
2406 3507 2491 3560 Sic
2512 3500 2610 3557 eod.

384 3578 440 3632 C.
482 3575 744 3644 Stephani
781 3592 903 3628 cum
943 3573 1073 3627 Isid.
1112 3572 1246 3636 XII,
1287 3572 1336 3636 6,
1377 3571 1467 3636 2ος
1507 3573 1670 3625 ceteri
1706 3573 1861 3627 codd.
1900 3575 2139 3639 effemdi.
2360 3579 2417 3645 4)
2454 3573 2609 3639 Vulgo

383 3644 792 3699 criminationis
846 3659 958 3696 csse
1000 3643 1064 3695 in
1115 3642 1169 3695 S.
1182 3659 1202 3706 ,·
1246 3644 1420 3694 totam
1458 3658 1582 3694 vero
1630 3645 2061 3698 enuntiationem
2098 3664 2163 3699 ex
2203 3664 2355 3700 mera
2404 3642 2608 3701 rhetoris

382 3715 736 3770 annotatione
772 3717 944 3768 ortam
983 3730 1099 3766 esse
1135 3713 1284 3765 Bake
1323 3715 1644 3779 suspicatur.
1837 3716 1892 3777 5)
1927 3714 2017 3767 Sic
2056 3716 2231 3770 Orelli
2271 3718 2432 3777 coni.;
2475 3710 2607 3769 codd.

381 3785 801 3840 concertatione.
948 3784 1003 3848 6)
1044 3783 1227 3835 oritur
1259 3797 1326 3833 cx
1361 3798 1458 3834 nos
1495 3781 1811 3846 adiecimuS‚
1846 3785 2000 3837 deest
2039 3786 2096 3839 in
2135 3787 2296 3842 codd.
2419 3787 2470 3853 7)
2496 3796 2608 3851 pro-

376 3857 567 3924 posita
606 3855 759 3910 deest
793 3855 852 3907 in
890 3853 1064 3916 codd.,
1116 3852 1195 3905 sic
1238 3852 1403 3918 vulgo
1442 3868 1502 3904 ex
1539 3852 1817 3921 Navageri
1855 3855 2115 3921 coniect.;
2157 3859 2328 3911 Halm
2367 3860 2484 3928 post
2519 3850 2606 3906 ali-
