<?xml version="1.0" encoding="UTF-8"?>
<!DOCTYPE html PUBLIC "-//W3C//DTD XHTML 1.0 Transitional//EN"
    "http://www.w3.org/TR/xhtml1/DTD/xhtml1-transitional.dtd">
<html xmlns="http://www.w3.org/1999/xhtml" xml:lang="en" lang="en">
 <head>
  <title>
</title>
<meta http-equiv="Content-Type" content="text/html;charset=utf-8" />
  <meta name='ocr-system' content='tesseract 3.04.00' />
  <meta name='ocr-capabilities' content='ocr_page ocr_carea ocr_par ocr_line ocrx_word'/>
</head>
<body>
  <div class='ocr_page' id='page_1' title='image "./orationesselect02cicegoog_0079.png"; bbox 0 0 2669 4354; ppageno 0'>
   <div class='ocr_carea' id='block_1_1' title="bbox 30 1714 35 1799">
    <p class='ocr_par' dir='ltr' id='par_1_1' title="bbox 30 1714 35 1799">
     <span class='ocr_line' id='line_1_1' title="bbox 30 1714 35 1799; baseline 0 0"><span class='ocrx_word' id='word_1_1' title='bbox 30 1714 35 1799; x_wconf 65' lang='grc'>1</span> 
     </span>
    </p>
   </div>
   <div class='ocr_carea' id='block_1_2' title="bbox 294 993 1987 1248">
    <p class='ocr_par' dir='ltr' id='par_1_2' title="bbox 294 993 1987 1248">
     <span class='ocr_line' id='line_1_2' title="bbox 673 993 1603 1067; baseline 0 0"><span class='ocrx_word' id='word_1_2' title='bbox 673 994 745 1067; x_wconf 88' lang='grc' dir='ltr'>Ο</span> <span class='ocrx_word' id='word_1_3' title='bbox 785 993 1091 1066; x_wconf 79' lang='lat' dir='ltr'>RAT</span> <span class='ocrx_word' id='word_1_4' title='bbox 1128 994 1171 1065; x_wconf 91' lang='grc' dir='ltr'>Ι</span> <span class='ocrx_word' id='word_1_5' title='bbox 1208 993 1280 1067; x_wconf 88' lang='grc' dir='ltr'>Ο</span> <span class='ocrx_word' id='word_1_6' title='bbox 1317 994 1404 1067; x_wconf 83' lang='lat' dir='ltr'>N</span> <span class='ocrx_word' id='word_1_7' title='bbox 1441 995 1510 1066; x_wconf 85' lang='lat' dir='ltr'><strong>E</strong></span> <span class='ocrx_word' id='word_1_8' title='bbox 1551 995 1603 1067; x_wconf 77' lang='lat' dir='ltr'>S</span> 
     </span>
     <span class='ocr_line' id='line_1_3' title="bbox 294 1159 1987 1248; baseline 0.003 -5"><span class='ocrx_word' id='word_1_9' title='bbox 294 1159 1173 1243; x_wconf 81' lang='lat' dir='ltr'><strong>CATILINARIAE</strong></span> <span class='ocrx_word' id='word_1_10' title='bbox 1249 1160 1987 1248; x_wconf 67' lang='lat' dir='ltr'><strong>QVATTVOR.*)</strong></span> 
     </span>
    </p>
   </div>
   <div class='ocr_carea' id='block_1_3' title="bbox 512 1522 1769 1588">
    <p class='ocr_par' dir='ltr' id='par_1_3' title="bbox 512 1522 1769 1588">
     <span class='ocr_line' id='line_1_4' title="bbox 512 1522 1769 1588; baseline 0.001 -2"><span class='ocrx_word' id='word_1_11' title='bbox 512 1522 1224 1586; x_wconf 76' lang='lat' dir='ltr'><strong>ARGVMENTVM</strong></span> <span class='ocrx_word' id='word_1_12' title='bbox 1278 1522 1769 1588; x_wconf 82' lang='lat' dir='ltr'><strong>ERNESTII.</strong></span> 
     </span>
    </p>
   </div>
   <div class='ocr_carea' id='block_1_4' title="bbox 30 1640 2242 1742">
    <p class='ocr_par' dir='ltr' id='par_1_4' title="bbox 30 1640 2242 1742">
     <span class='ocr_line' id='line_1_5' title="bbox 30 1640 2242 1742; baseline 0.004 -21"><span class='ocrx_word' id='word_1_13' title='bbox 30 1640 33 1701; x_wconf 37' lang='lat' dir='ltr'>ss&#39;</span> <span class='ocrx_word' id='word_1_14' title='bbox 82 1671 125 1722; x_wconf 92' lang='lat' dir='ltr'>L.</span> <span class='ocrx_word' id='word_1_15' title='bbox 160 1672 345 1742; x_wconf 84' lang='lat' dir='ltr'>Sergius</span> <span class='ocrx_word' id='word_1_16' title='bbox 390 1674 623 1727; x_wconf 75' lang='lat' dir='ltr'><strong>Catilina</strong></span> <span class='ocrx_word' id='word_1_17' title='bbox 637 1715 649 1739; x_wconf 79' lang='grc'>,</span> <span class='ocrx_word' id='word_1_18' title='bbox 703 1673 911 1742; x_wconf 88' lang='lat' dir='ltr'>patricii</span> <span class='ocrx_word' id='word_1_19' title='bbox 955 1672 1156 1740; x_wconf 88' lang='lat' dir='ltr'>generis</span> <span class='ocrx_word' id='word_1_20' title='bbox 1172 1715 1183 1737; x_wconf 89' lang='lat'><strong><em>‚</em></strong></span> <span class='ocrx_word' id='word_1_21' title='bbox 1239 1689 1356 1726; x_wconf 91' lang='lat' dir='ltr'>cum</span> <span class='ocrx_word' id='word_1_22' title='bbox 1406 1676 1526 1742; x_wconf 87' lang='lat' dir='ltr'>post</span> <span class='ocrx_word' id='word_1_23' title='bbox 1573 1677 1866 1742; x_wconf 88' lang='lat' dir='ltr'>praeturam</span> <span class='ocrx_word' id='word_1_24' title='bbox 1920 1679 1975 1728; x_wconf 90' lang='lat' dir='ltr'>et</span> <span class='ocrx_word' id='word_1_25' title='bbox 2014 1676 2242 1730; x_wconf 85' lang='lat' dir='ltr'>Africam</span> 
     </span>
    </p>
   </div>
   <div class='ocr_carea' id='block_1_5' title="bbox 133 1743 2244 1883">
    <p class='ocr_par' dir='ltr' id='par_1_5' title="bbox 133 1743 2244 1883">
     <span class='ocr_line' id='line_1_6' title="bbox 133 1743 2237 1813; baseline 0.003 -20"><span class='ocrx_word' id='word_1_26' title='bbox 133 1743 526 1798; x_wconf 76' lang='lat' dir='ltr'>administratam</span> <span class='ocrx_word' id='word_1_27' title='bbox 562 1743 958 1812; x_wconf 87' lang='lat' dir='ltr'>repetundarum</span> <span class='ocrx_word' id='word_1_28' title='bbox 993 1746 1048 1796; x_wconf 88' lang='lat' dir='ltr'>et</span> <span class='ocrx_word' id='word_1_29' title='bbox 1080 1744 1213 1795; x_wconf 86' lang='lat' dir='ltr'>inter</span> <span class='ocrx_word' id='word_1_30' title='bbox 1237 1744 1476 1800; x_wconf 85' lang='lat' dir='ltr'>sicarios.</span> <span class='ocrx_word' id='word_1_31' title='bbox 1511 1760 1820 1813; x_wconf 84' lang='lat' dir='ltr'>quamquam</span> <span class='ocrx_word' id='word_1_32' title='bbox 1846 1745 2058 1809; x_wconf 85' lang='lat' dir='ltr'>frustra,</span> <span class='ocrx_word' id='word_1_33' title='bbox 2090 1764 2237 1799; x_wconf 90' lang='lat' dir='ltr'>accu-</span> 
     </span>
     <span class='ocr_line' id='line_1_7' title="bbox 134 1804 2244 1883; baseline 0.003 -20"><span class='ocrx_word' id='word_1_34' title='bbox 134 1817 252 1867; x_wconf 86' lang='lat' dir='ltr'>satus</span> <span class='ocrx_word' id='word_1_35' title='bbox 289 1819 445 1881; x_wconf 87' lang='lat' dir='ltr'>esset,</span> <span class='ocrx_word' id='word_1_36' title='bbox 497 1816 582 1867; x_wconf 90' lang='lat' dir='ltr'>bis</span> <span class='ocrx_word' id='word_1_37' title='bbox 625 1815 947 1867; x_wconf 88' lang='lat' dir='ltr'>consulatum</span> <span class='ocrx_word' id='word_1_38' title='bbox 989 1813 1187 1866; x_wconf 86' lang='lat' dir='ltr'>frustra</span> <span class='ocrx_word' id='word_1_39' title='bbox 1221 1814 1390 1883; x_wconf 90' lang='lat' dir='ltr'>petiit.</span> <span class='ocrx_word' id='word_1_40' title='bbox 1462 1804 1608 1866; x_wconf 84' lang='lat' dir='ltr'>Idem</span> <span class='ocrx_word' id='word_1_41' title='bbox 1644 1816 1802 1867; x_wconf 87' lang='lat' dir='ltr'>etiam</span> <span class='ocrx_word' id='word_1_42' title='bbox 1837 1817 1917 1869; x_wconf 92' lang='lat' dir='ltr'>bis</span> <span class='ocrx_word' id='word_1_43' title='bbox 1954 1818 2244 1870; x_wconf 84' lang='lat' dir='ltr'>coniuravit</span> 
     </span>
    </p>
   </div>
   <div class='ocr_carea' id='block_1_6' title="bbox 30 1884 2242 2008">
    <p class='ocr_par' dir='ltr' id='par_1_6' title="bbox 30 1884 2242 2008">
     <span class='ocr_line' id='line_1_8' title="bbox 30 1884 2242 2008; baseline 0.003 -74"><span class='ocrx_word' id='word_1_44' title='bbox 30 1910 31 1913; x_wconf 36' lang='lat'>¹</span> <span class='ocrx_word' id='word_1_45' title='bbox 131 1889 286 1938; x_wconf 86' lang='lat' dir='ltr'>contra</span> <span class='ocrx_word' id='word_1_46' title='bbox 333 1904 438 1939; x_wconf 91' lang='lat' dir='ltr'>rem</span> <span class='ocrx_word' id='word_1_47' title='bbox 488 1885 769 1956; x_wconf 82' lang='lat' dir='ltr'>publicam.</span> <span class='ocrx_word' id='word_1_48' title='bbox 842 1884 913 1937; x_wconf 87' lang='lat' dir='ltr'>Et</span> <span class='ocrx_word' id='word_1_49' title='bbox 932 1884 1122 2008; x_wconf 62' lang='grc' dir='ltr'>ζ11111113</span> <span class='ocrx_word' id='word_1_50' title='bbox 1156 1884 1363 1953; x_wconf 90' lang='lat' dir='ltr'>quidem</span> <span class='ocrx_word' id='word_1_51' title='bbox 1399 1885 1710 1951; x_wconf 86' lang='grc'>301111113110,</span> <span class='ocrx_word' id='word_1_52' title='bbox 1759 1903 1860 1964; x_wconf 87' lang='lat' dir='ltr'>qua</span> <span class='ocrx_word' id='word_1_53' title='bbox 1895 1887 1954 1939; x_wconf 86' lang='lat' dir='ltr'><strong>L.</strong></span> <span class='ocrx_word' id='word_1_54' title='bbox 1992 1888 2242 1940; x_wconf 89' lang='lat' dir='ltr'>Manlium</span> 
     </span>
    </p>
   </div>
   <div class='ocr_carea' id='block_1_7' title="bbox 132 1953 2245 2377">
    <p class='ocr_par' dir='ltr' id='par_1_7' title="bbox 132 1953 2243 2377">
     <span class='ocr_line' id='line_1_9' title="bbox 132 1953 2240 2024; baseline 0.002 -19"><span class='ocrx_word' id='word_1_55' title='bbox 132 1953 407 2024; x_wconf 76' lang='lat' dir='ltr'>Torquatum</span> <span class='ocrx_word' id='word_1_56' title='bbox 444 1960 503 2009; x_wconf 87' lang='grc'>31</span> <span class='ocrx_word' id='word_1_57' title='bbox 535 1956 593 2008; x_wconf 94' lang='lat' dir='ltr'><strong>L.</strong></span> <span class='ocrx_word' id='word_1_58' title='bbox 632 1956 895 2008; x_wconf 87' lang='lat' dir='ltr'>Aurelium</span> <span class='ocrx_word' id='word_1_59' title='bbox 1005 1958 1139 2007; x_wconf 89' lang='lat' dir='ltr'>ttam</span> <span class='ocrx_word' id='word_1_60' title='bbox 1176 1953 1360 2008; x_wconf 84' lang='lat' dir='ltr'><strong>COSS.</strong></span> <span class='ocrx_word' id='word_1_61' title='bbox 1400 1955 1525 2021; x_wconf 84' lang='lat'>(689</span> <span class='ocrx_word' id='word_1_62' title='bbox 1562 1957 1625 2009; x_wconf 87' lang='lat' dir='ltr'>ab</span> <span class='ocrx_word' id='word_1_63' title='bbox 1663 1973 1712 2008; x_wconf 89' lang='grc' dir='ltr'>ιι.</span> <span class='ocrx_word' id='word_1_64' title='bbox 1739 1973 1781 2009; x_wconf 88' lang='grc'>3.</span> <span class='ocrx_word' id='word_1_65' title='bbox 1819 1958 1885 2010; x_wconf 82' lang='grc'>65</span> <span class='ocrx_word' id='word_1_66' title='bbox 1922 1974 1969 2009; x_wconf 92' lang='grc'>3.</span> <span class='ocrx_word' id='word_1_67' title='bbox 2008 1957 2128 2010; x_wconf 90' lang='lat' dir='ltr'><strong>Chr.</strong></span> <span class='ocrx_word' id='word_1_68' title='bbox 2166 1961 2240 2023; x_wconf 88' lang='lat' dir='ltr'>n.)</span> 
     </span>
     <span class='ocr_line' id='line_1_10' title="bbox 134 2025 2243 2094; baseline 0.003 -21"><span class='ocrx_word' id='word_1_69' title='bbox 134 2025 262 2079; x_wconf 80' lang='lat' dir='ltr'>voluit</span> <span class='ocrx_word' id='word_1_70' title='bbox 300 2027 613 2088; x_wconf 89' lang='lat' dir='ltr'>interficere,</span> <span class='ocrx_word' id='word_1_71' title='bbox 667 2043 791 2079; x_wconf 89' lang='lat' dir='ltr'>casu</span> <span class='ocrx_word' id='word_1_72' title='bbox 851 2026 1104 2094; x_wconf 88' lang='lat' dir='ltr'>dirempta</span> <span class='ocrx_word' id='word_1_73' title='bbox 1151 2027 1256 2090; x_wconf 88' lang='lat' dir='ltr'>est,</span> <span class='ocrx_word' id='word_1_74' title='bbox 1321 2026 1490 2078; x_wconf 87' lang='lat' dir='ltr'>altera</span> <span class='ocrx_word' id='word_1_75' title='bbox 1538 2029 1710 2079; x_wconf 88' lang='lat' dir='ltr'>autem</span> <span class='ocrx_word' id='word_1_76' title='bbox 1752 2027 1963 2080; x_wconf 89' lang='lat' dir='ltr'>occultis</span> <span class='ocrx_word' id='word_1_77' title='bbox 2017 2029 2243 2081; x_wconf 89' lang='lat' dir='ltr'>consiliis</span> 
     </span>
     <span class='ocr_line' id='line_1_11' title="bbox 133 2067 2242 2177; baseline 0.001 -28"><span class='ocrx_word' id='word_1_78' title='bbox 133 2097 299 2177; x_wconf 76' lang='lat' dir='ltr'>agitata</span> <span class='ocrx_word' id='word_1_79' title='bbox 344 2100 400 2150; x_wconf 90' lang='lat' dir='ltr'>in</span> <span class='ocrx_word' id='word_1_80' title='bbox 437 2067 765 2151; x_wconf 83' lang='lat' dir='ltr'>consulatum</span> <span class='ocrx_word' id='word_1_81' title='bbox 804 2095 1064 2149; x_wconf 80' lang='lat' dir='ltr'>Ciceronis</span> <span class='ocrx_word' id='word_1_82' title='bbox 1113 2095 1235 2161; x_wconf 84' lang='lat'>(691</span> <span class='ocrx_word' id='word_1_83' title='bbox 1287 2097 1351 2148; x_wconf 90' lang='lat' dir='ltr'>ab</span> <span class='ocrx_word' id='word_1_84' title='bbox 1402 2114 1453 2149; x_wconf 89' lang='lat' dir='ltr'>u.</span> <span class='ocrx_word' id='word_1_85' title='bbox 1492 2113 1535 2149; x_wconf 91' lang='lat' dir='ltr'>c.</span> <span class='ocrx_word' id='word_1_86' title='bbox 1581 2098 1648 2150; x_wconf 88' lang='grc'>63</span> <span class='ocrx_word' id='word_1_87' title='bbox 1688 2113 1735 2149; x_wconf 95' lang='grc'>3.</span> <span class='ocrx_word' id='word_1_88' title='bbox 1779 2098 1901 2153; x_wconf 87' lang='lat' dir='ltr'>Chr.</span> <span class='ocrx_word' id='word_1_89' title='bbox 1937 2100 2008 2164; x_wconf 91' lang='lat' dir='ltr'>n)</span> <span class='ocrx_word' id='word_1_90' title='bbox 2058 2100 2242 2168; x_wconf 75' lang='lat' dir='ltr'>erupit,</span> 
     </span>
     <span class='ocr_line' id='line_1_12' title="bbox 135 2165 2243 2239; baseline 0.002 -22"><span class='ocrx_word' id='word_1_91' title='bbox 135 2169 195 2219; x_wconf 83' lang='lat' dir='ltr'>eui</span> <span class='ocrx_word' id='word_1_92' title='bbox 234 2169 290 2221; x_wconf 92' lang='lat' dir='ltr'>ob</span> <span class='ocrx_word' id='word_1_93' title='bbox 332 2169 430 2223; x_wconf 93' lang='lat' dir='ltr'>hoc</span> <span class='ocrx_word' id='word_1_94' title='bbox 466 2170 645 2239; x_wconf 92' lang='lat' dir='ltr'>ipsum</span> <span class='ocrx_word' id='word_1_95' title='bbox 679 2185 736 2221; x_wconf 91' lang='lat' dir='ltr'>eo</span> <span class='ocrx_word' id='word_1_96' title='bbox 771 2166 1008 2236; x_wconf 82' lang='lat' dir='ltr'>cupidius</span> <span class='ocrx_word' id='word_1_97' title='bbox 1044 2165 1263 2236; x_wconf 88' lang='lat' dir='ltr'>populus</span> <span class='ocrx_word' id='word_1_98' title='bbox 1298 2166 1561 2221; x_wconf 89' lang='lat' dir='ltr'>Romanus</span> <span class='ocrx_word' id='word_1_99' title='bbox 1596 2167 1923 2221; x_wconf 87' lang='lat' dir='ltr'>consulatum</span> <span class='ocrx_word' id='word_1_100' title='bbox 1960 2170 2243 2236; x_wconf 70' lang='lat' dir='ltr'>mandavit,</span> 
     </span>
     <span class='ocr_line' id='line_1_13' title="bbox 133 2238 2244 2305; baseline 0.002 -16"><span class='ocrx_word' id='word_1_101' title='bbox 133 2239 236 2305; x_wconf 91' lang='lat' dir='ltr'>quod</span> <span class='ocrx_word' id='word_1_102' title='bbox 271 2239 330 2292; x_wconf 91' lang='lat' dir='ltr'>de</span> <span class='ocrx_word' id='word_1_103' title='bbox 365 2257 425 2293; x_wconf 90' lang='lat' dir='ltr'>ea</span> <span class='ocrx_word' id='word_1_104' title='bbox 460 2256 640 2294; x_wconf 86' lang='lat' dir='ltr'>rumor</span> <span class='ocrx_word' id='word_1_105' title='bbox 672 2239 727 2291; x_wconf 90' lang='lat' dir='ltr'>in</span> <span class='ocrx_word' id='word_1_106' title='bbox 758 2239 942 2305; x_wconf 85' lang='lat' dir='ltr'>vulgus</span> <span class='ocrx_word' id='word_1_107' title='bbox 981 2241 1189 2291; x_wconf 78' lang='lat' dir='ltr'>exierat.</span> <span class='ocrx_word' id='word_1_108' title='bbox 1263 2238 1365 2291; x_wconf 92' lang='lat' dir='ltr'>Hic</span> <span class='ocrx_word' id='word_1_109' title='bbox 1400 2255 1517 2291; x_wconf 90' lang='lat' dir='ltr'>cum</span> <span class='ocrx_word' id='word_1_110' title='bbox 1552 2241 1692 2291; x_wconf 88' lang='lat' dir='ltr'>esset</span> <span class='ocrx_word' id='word_1_111' title='bbox 1728 2243 1839 2292; x_wconf 88' lang='lat' dir='ltr'>tota</span> <span class='ocrx_word' id='word_1_112' title='bbox 1876 2257 1957 2293; x_wconf 88' lang='lat' dir='ltr'>res</span> <span class='ocrx_word' id='word_1_113' title='bbox 1994 2240 2062 2293; x_wconf 91' lang='lat' dir='ltr'>ad</span> <span class='ocrx_word' id='word_1_114' title='bbox 2100 2240 2244 2293; x_wconf 78' lang='lat' dir='ltr'>Cice-</span> 
     </span>
     <span class='ocr_line' id='line_1_14' title="bbox 136 2307 2245 2377; baseline 0.002 -18"><span class='ocrx_word' id='word_1_115' title='bbox 136 2323 273 2362; x_wconf 87' lang='lat' dir='ltr'>ronem</span> <span class='ocrx_word' id='word_1_116' title='bbox 317 2327 348 2363; x_wconf 90' lang='lat' dir='ltr'>a</span> <span class='ocrx_word' id='word_1_117' title='bbox 397 2309 461 2374; x_wconf 86' lang='lat' dir='ltr'><strong>Q.</strong></span> <span class='ocrx_word' id='word_1_118' title='bbox 512 2309 665 2363; x_wconf 88' lang='lat' dir='ltr'>Curio</span> <span class='ocrx_word' id='word_1_119' title='bbox 711 2309 979 2361; x_wconf 85' lang='lat' dir='ltr'>coniurato</span> <span class='ocrx_word' id='word_1_120' title='bbox 1021 2324 1112 2377; x_wconf 88' lang='lat' dir='ltr'>per</span> <span class='ocrx_word' id='word_1_121' title='bbox 1146 2307 1382 2361; x_wconf 84' lang='lat' dir='ltr'>Fulviam</span> <span class='ocrx_word' id='word_1_122' title='bbox 1420 2307 1618 2374; x_wconf 88' lang='lat' dir='ltr'>delata,</span> <span class='ocrx_word' id='word_1_123' title='bbox 1655 2311 1709 2362; x_wconf 85' lang='lat' dir='ltr'>et</span> <span class='ocrx_word' id='word_1_124' title='bbox 1746 2310 2022 2364; x_wconf 75' lang='lat' dir='ltr'>Catilinam</span> <span class='ocrx_word' id='word_1_125' title='bbox 2057 2312 2245 2364; x_wconf 87' lang='grc'>11111110-</span> 
     </span>
    </p>
   </div>
   <div class='ocr_carea' id='block_1_8' title="bbox 135 2377 2246 2449">
    <p class='ocr_par' dir='ltr' id='par_1_8' title="bbox 135 2377 2246 2449">
     <span class='ocr_line' id='line_1_15' title="bbox 135 2377 2246 2449; baseline 0.003 -21"><span class='ocrx_word' id='word_1_126' title='bbox 135 2379 273 2433; x_wconf 90' lang='lat' dir='ltr'>minus</span> <span class='ocrx_word' id='word_1_127' title='bbox 307 2383 360 2433; x_wconf 91' lang='lat' dir='ltr'>in</span> <span class='ocrx_word' id='word_1_128' title='bbox 397 2383 589 2434; x_wconf 85' lang='lat' dir='ltr'>senatu</span> <span class='ocrx_word' id='word_1_129' title='bbox 625 2397 670 2432; x_wconf 93' lang='lat' dir='ltr'>a.</span> <span class='ocrx_word' id='word_1_130' title='bbox 711 2378 1026 2432; x_wconf 84' lang='lat' dir='ltr'><strong>d.V11.1d</strong></span> <span class='ocrx_word' id='word_1_131' title='bbox 1053 2377 1206 2443; x_wconf 85' lang='lat' dir='ltr'><strong>Nov.,</strong></span> <span class='ocrx_word' id='word_1_132' title='bbox 1244 2379 1353 2444; x_wconf 86' lang='lat' dir='ltr'>vel,</span> <span class='ocrx_word' id='word_1_133' title='bbox 1393 2381 1453 2431; x_wconf 91' lang='lat' dir='ltr'>ut</span> <span class='ocrx_word' id='word_1_134' title='bbox 1488 2380 1607 2434; x_wconf 90' lang='lat' dir='ltr'>aliis</span> <span class='ocrx_word' id='word_1_135' title='bbox 1643 2381 1836 2449; x_wconf 82' lang='lat' dir='ltr'>placet,</span> <span class='ocrx_word' id='word_1_136' title='bbox 1876 2398 1920 2434; x_wconf 88' lang='grc'>3.</span> <span class='ocrx_word' id='word_1_137' title='bbox 1960 2381 2009 2434; x_wconf 91' lang='grc'>(1.</span> <span class='ocrx_word' id='word_1_138' title='bbox 2036 2382 2129 2433; x_wconf 91' lang='lat' dir='ltr'><strong>VI.</strong></span> <span class='ocrx_word' id='word_1_139' title='bbox 2167 2381 2246 2435; x_wconf 91' lang='lat' dir='ltr'>Id.</span> 
     </span>
    </p>
   </div>
   <div class='ocr_carea' id='block_1_9' title="bbox 30 2445 2250 2591">
    <p class='ocr_par' dir='ltr' id='par_1_9' title="bbox 30 2445 2250 2591">
     <span class='ocr_line' id='line_1_16' title="bbox 30 2445 2250 2519; baseline 0.004 -22"><span class='ocrx_word' id='word_1_140' title='bbox 30 2497 33 2516; x_wconf 59' lang='lat'>=.</span> <span class='ocrx_word' id='word_1_141' title='bbox 134 2445 236 2504; x_wconf 75' lang='lat' dir='ltr'><strong>NoV.</strong></span> <span class='ocrx_word' id='word_1_142' title='bbox 281 2452 532 2513; x_wconf 84' lang='lat' dir='ltr'>vidisset,</span> <span class='ocrx_word' id='word_1_143' title='bbox 587 2450 665 2502; x_wconf 88' lang='lat' dir='ltr'>ita</span> <span class='ocrx_word' id='word_1_144' title='bbox 703 2448 1016 2517; x_wconf 81' lang='lat' dir='ltr'>indignitate</span> <span class='ocrx_word' id='word_1_145' title='bbox 1052 2450 1124 2501; x_wconf 88' lang='lat' dir='ltr'>rei</span> <span class='ocrx_word' id='word_1_146' title='bbox 1160 2451 1441 2502; x_wconf 90' lang='lat' dir='ltr'>commotus</span> <span class='ocrx_word' id='word_1_147' title='bbox 1479 2453 1560 2502; x_wconf 90' lang='lat' dir='ltr'>est</span> <span class='ocrx_word' id='word_1_148' title='bbox 1596 2449 1799 2517; x_wconf 77' lang='lat' dir='ltr'>Cicero,</span> <span class='ocrx_word' id='word_1_149' title='bbox 1855 2455 1917 2503; x_wconf 89' lang='lat' dir='ltr'>ut</span> <span class='ocrx_word' id='word_1_150' title='bbox 1950 2453 2250 2519; x_wconf 89' lang='lat' dir='ltr'>gravissime</span> 
     </span>
     <span class='ocr_line' id='line_1_17' title="bbox 30 2517 2250 2591; baseline 0.002 -21"><span class='ocrx_word' id='word_1_151' title='bbox 30 2529 35 2544; x_wconf 71' lang='lat'>⁵</span> <span class='ocrx_word' id='word_1_152' title='bbox 134 2517 176 2570; x_wconf 92' lang='lat' dir='ltr'>in</span> <span class='ocrx_word' id='word_1_153' title='bbox 218 2522 382 2591; x_wconf 90' lang='lat' dir='ltr'>ipsum</span> <span class='ocrx_word' id='word_1_154' title='bbox 438 2521 675 2575; x_wconf 87' lang='lat' dir='ltr'>oratione</span> <span class='ocrx_word' id='word_1_155' title='bbox 727 2520 1078 2581; x_wconf 85' lang='lat' dir='ltr'>inveheretur,</span> <span class='ocrx_word' id='word_1_156' title='bbox 1154 2536 1256 2589; x_wconf 90' lang='lat' dir='ltr'>qua</span> <span class='ocrx_word' id='word_1_157' title='bbox 1308 2523 1474 2572; x_wconf 86' lang='lat' dir='ltr'>totam</span> <span class='ocrx_word' id='word_1_158' title='bbox 1521 2538 1629 2573; x_wconf 90' lang='lat' dir='ltr'>rem</span> <span class='ocrx_word' id='word_1_159' title='bbox 1678 2522 1779 2574; x_wconf 83' lang='lat' dir='ltr'>sibi</span> <span class='ocrx_word' id='word_1_160' title='bbox 1827 2524 2087 2589; x_wconf 79' lang='lat' dir='ltr'>cognitam</span> <span class='ocrx_word' id='word_1_161' title='bbox 2138 2540 2250 2575; x_wconf 90' lang='grc'>3333</span> 
     </span>
    </p>
   </div>
   <div class='ocr_carea' id='block_1_10' title="bbox 132 2590 2251 2801">
    <p class='ocr_par' dir='ltr' id='par_1_10' title="bbox 132 2590 2251 2801">
     <span class='ocr_line' id='line_1_18' title="bbox 132 2590 2251 2667; baseline 0.003 -28"><span class='ocrx_word' id='word_1_162' title='bbox 132 2592 396 2667; x_wconf 80' lang='lat' dir='ltr'>ostenderet</span> <span class='ocrx_word' id='word_1_163' title='bbox 441 2594 622 2659; x_wconf 86' lang='lat' dir='ltr'>eique,</span> <span class='ocrx_word' id='word_1_164' title='bbox 678 2595 740 2643; x_wconf 86' lang='lat' dir='ltr'>ut</span> <span class='ocrx_word' id='word_1_165' title='bbox 782 2590 906 2643; x_wconf 90' lang='lat' dir='ltr'>urbe</span> <span class='ocrx_word' id='word_1_166' title='bbox 955 2591 1142 2654; x_wconf 86' lang='lat' dir='ltr'>exiret,</span> <span class='ocrx_word' id='word_1_167' title='bbox 1198 2590 1455 2643; x_wconf 86' lang='lat' dir='ltr'>suaderet.</span> <span class='ocrx_word' id='word_1_168' title='bbox 1541 2591 1712 2660; x_wconf 86' lang='lat' dir='ltr'>Atque</span> <span class='ocrx_word' id='word_1_169' title='bbox 1758 2592 1888 2645; x_wconf 90' lang='lat' dir='ltr'>haec</span> <span class='ocrx_word' id='word_1_170' title='bbox 1936 2595 2018 2645; x_wconf 89' lang='lat' dir='ltr'>est</span> <span class='ocrx_word' id='word_1_171' title='bbox 2058 2593 2251 2659; x_wconf 69' lang='lat' dir='ltr'>prima</span> 
     </span>
     <span class='ocr_line' id='line_1_19' title="bbox 132 2632 2249 2733; baseline 0.003 -24"><span class='ocrx_word' id='word_1_172' title='bbox 132 2658 179 2709; x_wconf 74' lang='lat' dir='ltr'>in</span> <span class='ocrx_word' id='word_1_173' title='bbox 229 2668 417 2714; x_wconf 75' lang='lat' dir='ltr'>senatu</span> <span class='ocrx_word' id='word_1_174' title='bbox 482 2632 672 2713; x_wconf 67' lang='lat' dir='ltr'>habi&#39;ta</span> <span class='ocrx_word' id='word_1_175' title='bbox 732 2660 924 2713; x_wconf 75' lang='lat' dir='ltr'>oratio,</span> <span class='ocrx_word' id='word_1_176' title='bbox 1025 2661 1164 2713; x_wconf 89' lang='lat' dir='ltr'>Huic</span> <span class='ocrx_word' id='word_1_177' title='bbox 1229 2661 1446 2714; x_wconf 88' lang='lat' dir='ltr'>orationi</span> <span class='ocrx_word' id='word_1_178' title='bbox 1498 2662 1813 2715; x_wconf 86' lang='lat' dir='ltr'>iratissimus</span> <span class='ocrx_word' id='word_1_179' title='bbox 1864 2679 1980 2715; x_wconf 86' lang='lat' dir='ltr'>cum</span> <span class='ocrx_word' id='word_1_180' title='bbox 2035 2680 2249 2733; x_wconf 89' lang='lat' dir='ltr'>respon-</span> 
     </span>
     <span class='ocr_line' id='line_1_20' title="bbox 133 2729 2249 2801; baseline 0.002 -19"><span class='ocrx_word' id='word_1_181' title='bbox 133 2729 272 2785; x_wconf 87' lang='lat' dir='ltr'>disset</span> <span class='ocrx_word' id='word_1_182' title='bbox 306 2733 568 2797; x_wconf 78' lang='lat' dir='ltr'>Catilina,</span> <span class='ocrx_word' id='word_1_183' title='bbox 624 2731 853 2784; x_wconf 87' lang='lat' dir='ltr'>minatus</span> <span class='ocrx_word' id='word_1_184' title='bbox 909 2748 962 2783; x_wconf 90' lang='lat' dir='ltr'>se</span> <span class='ocrx_word' id='word_1_185' title='bbox 997 2730 1291 2784; x_wconf 87' lang='lat' dir='ltr'>incendium</span> <span class='ocrx_word' id='word_1_186' title='bbox 1339 2748 1490 2784; x_wconf 89' lang='lat' dir='ltr'>suum</span> <span class='ocrx_word' id='word_1_187' title='bbox 1538 2733 1738 2801; x_wconf 87' lang='lat' dir='ltr'>patriae</span> <span class='ocrx_word' id='word_1_188' title='bbox 1772 2734 1920 2785; x_wconf 86' lang='lat' dir='ltr'>ruina</span> <span class='ocrx_word' id='word_1_189' title='bbox 1968 2735 2249 2786; x_wconf 88' lang='lat' dir='ltr'>restinctu—</span> 
     </span>
    </p>
   </div>
   <div class='ocr_carea' id='block_1_11' title="bbox 102 2802 2250 2872">
    <p class='ocr_par' dir='ltr' id='par_1_11' title="bbox 102 2802 2250 2872">
     <span class='ocr_line' id='line_1_21' title="bbox 102 2802 2250 2872; baseline 0.001 -18"><span class='ocrx_word' id='word_1_190' title='bbox 102 2815 247 2869; x_wconf 90' lang='lat' dir='ltr'>.rum‚</span> <span class='ocrx_word' id='word_1_191' title='bbox 296 2822 323 2857; x_wconf 89' lang='lat' dir='ltr'>e</span> <span class='ocrx_word' id='word_1_192' title='bbox 379 2806 574 2857; x_wconf 82' lang='grc'>33113111</span> <span class='ocrx_word' id='word_1_193' title='bbox 620 2819 674 2855; x_wconf 88' lang='grc'>33</span> <span class='ocrx_word' id='word_1_194' title='bbox 726 2802 982 2871; x_wconf 87' lang='lat' dir='ltr'>proripuit</span> <span class='ocrx_word' id='word_1_195' title='bbox 1029 2818 1089 2854; x_wconf 86' lang='lat' dir='ltr'>ac</span> <span class='ocrx_word' id='word_1_196' title='bbox 1136 2805 1283 2854; x_wconf 77' lang='lat' dir='ltr'>nocte</span> <span class='ocrx_word' id='word_1_197' title='bbox 1334 2803 1564 2870; x_wconf 85' lang='lat' dir='ltr'>proxima</span> <span class='ocrx_word' id='word_1_198' title='bbox 1613 2820 1731 2855; x_wconf 92' lang='lat' dir='ltr'>cum</span> <span class='ocrx_word' id='word_1_199' title='bbox 1774 2803 2083 2872; x_wconf 89' lang='lat' dir='ltr'>quibusdam</span> <span class='ocrx_word' id='word_1_200' title='bbox 2130 2821 2250 2857; x_wconf 88' lang='lat' dir='ltr'>con-</span> 
     </span>
    </p>
   </div>
   <div class='ocr_carea' id='block_1_12' title="bbox 131 2872 2254 3296">
    <p class='ocr_par' dir='ltr' id='par_1_12' title="bbox 131 2872 2254 3296">
     <span class='ocr_line' id='line_1_22' title="bbox 134 2872 2249 2944; baseline 0.003 -23"><span class='ocrx_word' id='word_1_201' title='bbox 134 2873 232 2925; x_wconf 86' lang='lat' dir='ltr'>sciis</span> <span class='ocrx_word' id='word_1_202' title='bbox 273 2892 332 2927; x_wconf 84' lang='lat' dir='ltr'>ex</span> <span class='ocrx_word' id='word_1_203' title='bbox 381 2876 512 2928; x_wconf 91' lang='lat' dir='ltr'>urbe</span> <span class='ocrx_word' id='word_1_204' title='bbox 563 2874 710 2926; x_wconf 88' lang='grc'>31)111.</span> <span class='ocrx_word' id='word_1_205' title='bbox 795 2872 907 2937; x_wconf 79' lang='lat' dir='ltr'>Quo</span> <span class='ocrx_word' id='word_1_206' title='bbox 956 2889 1106 2925; x_wconf 88' lang='lat' dir='ltr'>mane</span> <span class='ocrx_word' id='word_1_207' title='bbox 1154 2873 1366 2939; x_wconf 87' lang='lat' dir='ltr'>cognito</span> <span class='ocrx_word' id='word_1_208' title='bbox 1416 2872 1587 2927; x_wconf 87' lang='lat' dir='ltr'>Cicero</span> <span class='ocrx_word' id='word_1_209' title='bbox 1642 2875 1696 2925; x_wconf 92' lang='lat' dir='ltr'>in</span> <span class='ocrx_word' id='word_1_210' title='bbox 1740 2874 2026 2927; x_wconf 88' lang='lat' dir='ltr'>contionem</span> <span class='ocrx_word' id='word_1_211' title='bbox 2073 2875 2249 2944; x_wconf 91' lang='lat' dir='ltr'>populi</span> 
     </span>
     <span class='ocr_line' id='line_1_23' title="bbox 133 2942 2250 3012; baseline 0.001 -19"><span class='ocrx_word' id='word_1_212' title='bbox 133 2945 392 3007; x_wconf 85' lang='lat' dir='ltr'>profectus,</span> <span class='ocrx_word' id='word_1_213' title='bbox 445 2945 576 2998; x_wconf 89' lang='lat' dir='ltr'>dum</span> <span class='ocrx_word' id='word_1_214' title='bbox 626 2945 839 2996; x_wconf 89' lang='lat' dir='ltr'>senatus</span> <span class='ocrx_word' id='word_1_215' title='bbox 876 2944 1196 3008; x_wconf 86' lang='lat' dir='ltr'>conveniret,</span> <span class='ocrx_word' id='word_1_216' title='bbox 1243 2943 1431 2995; x_wconf 88' lang='lat' dir='ltr'>habuit</span> <span class='ocrx_word' id='word_1_217' title='bbox 1462 2945 1530 3009; x_wconf 92' lang='lat' dir='ltr'>(a.</span> <span class='ocrx_word' id='word_1_218' title='bbox 1570 2942 1620 2995; x_wconf 84' lang='lat' dir='ltr'>d.</span> <span class='ocrx_word' id='word_1_219' title='bbox 1653 2944 1716 2996; x_wconf 91' lang='lat' dir='ltr'>V.</span> <span class='ocrx_word' id='word_1_220' title='bbox 1751 2943 1832 2996; x_wconf 90' lang='lat' dir='ltr'>Id.</span> <span class='ocrx_word' id='word_1_221' title='bbox 1869 2944 2026 3012; x_wconf 87' lang='lat' dir='ltr'><strong>Nov.)</strong></span> <span class='ocrx_word' id='word_1_222' title='bbox 2066 2961 2250 2996; x_wconf 79' lang='lat' dir='ltr'>secun-</span> 
     </span>
     <span class='ocr_line' id='line_1_24' title="bbox 133 3009 2253 3098; baseline 0.004 -38"><span class='ocrx_word' id='word_1_223' title='bbox 133 3009 239 3064; x_wconf 81' lang='lat' dir='ltr'>dam</span> <span class='ocrx_word' id='word_1_224' title='bbox 287 3014 618 3079; x_wconf 73' lang='lat' dir='ltr'>orationem,</span> <span class='ocrx_word' id='word_1_225' title='bbox 677 3031 780 3081; x_wconf 85' lang='lat' dir='ltr'>qua</span> <span class='ocrx_word' id='word_1_226' title='bbox 835 3011 897 3065; x_wconf 91' lang='lat' dir='ltr'>de</span> <span class='ocrx_word' id='word_1_227' title='bbox 948 3014 1095 3065; x_wconf 89' lang='lat' dir='ltr'>abitu</span> <span class='ocrx_word' id='word_1_228' title='bbox 1146 3012 1405 3066; x_wconf 87' lang='lat' dir='ltr'>Catilinae</span> <span class='ocrx_word' id='word_1_229' title='bbox 1459 3014 1762 3082; x_wconf 90' lang='lat' dir='ltr'>triumphat.</span> <span class='ocrx_word' id='word_1_230' title='bbox 1860 3014 1962 3068; x_wconf 86' lang='lat' dir='ltr'>Sed</span> <span class='ocrx_word' id='word_1_231' title='bbox 2010 3016 2253 3098; x_wconf 73' lang='lat' dir='ltr'>quoniam</span> 
     </span>
     <span class='ocr_line' id='line_1_25' title="bbox 131 3082 2252 3154; baseline 0.003 -22"><span class='ocrx_word' id='word_1_232' title='bbox 131 3082 481 3154; x_wconf 71' lang='lat' dir='ltr'>intellegebat,</span> <span class='ocrx_word' id='word_1_233' title='bbox 520 3087 774 3154; x_wconf 84' lang='lat' dir='ltr'>quantum</span> <span class='ocrx_word' id='word_1_234' title='bbox 810 3083 1035 3136; x_wconf 89' lang='lat' dir='ltr'>invidiae</span> <span class='ocrx_word' id='word_1_235' title='bbox 1073 3082 1174 3136; x_wconf 89' lang='lat' dir='ltr'>sibi</span> <span class='ocrx_word' id='word_1_236' title='bbox 1210 3084 1486 3136; x_wconf 86' lang='lat' dir='ltr'>conflasset</span> <span class='ocrx_word' id='word_1_237' title='bbox 1521 3086 1711 3154; x_wconf 89' lang='lat' dir='ltr'>partim</span> <span class='ocrx_word' id='word_1_238' title='bbox 1748 3085 1812 3136; x_wconf 90' lang='lat' dir='ltr'>ab</span> <span class='ocrx_word' id='word_1_239' title='bbox 1849 3086 1939 3149; x_wconf 90' lang='grc'>113,</span> <span class='ocrx_word' id='word_1_240' title='bbox 1971 3086 2063 3154; x_wconf 90' lang='lat' dir='ltr'>qui</span> <span class='ocrx_word' id='word_1_241' title='bbox 2097 3086 2252 3139; x_wconf 90' lang='lat' dir='ltr'>nimis</span> 
     </span>
     <span class='ocr_line' id='line_1_26' title="bbox 131 3153 2254 3225; baseline 0.003 -22"><span class='ocrx_word' id='word_1_242' title='bbox 131 3154 380 3209; x_wconf 87' lang='lat' dir='ltr'>crudeliter</span> <span class='ocrx_word' id='word_1_243' title='bbox 417 3158 644 3209; x_wconf 84' lang='lat' dir='ltr'>eiectum</span> <span class='ocrx_word' id='word_1_244' title='bbox 681 3171 713 3207; x_wconf 91' lang='lat' dir='ltr'>a</span> <span class='ocrx_word' id='word_1_245' title='bbox 747 3154 994 3207; x_wconf 87' lang='lat' dir='ltr'>Cicerone</span> <span class='ocrx_word' id='word_1_246' title='bbox 1032 3153 1316 3207; x_wconf 89' lang='lat' dir='ltr'>Catilinam</span> <span class='ocrx_word' id='word_1_247' title='bbox 1355 3156 1678 3208; x_wconf 89' lang='lat' dir='ltr'>innocentem</span> <span class='ocrx_word' id='word_1_248' title='bbox 1714 3155 2014 3218; x_wconf 88' lang='lat' dir='ltr'>iactabant,</span> <span class='ocrx_word' id='word_1_249' title='bbox 2062 3158 2254 3225; x_wconf 87' lang='lat' dir='ltr'>partim</span> 
     </span>
     <span class='ocr_line' id='line_1_27' title="bbox 131 3224 2252 3296; baseline 0.002 -21"><span class='ocrx_word' id='word_1_250' title='bbox 131 3237 235 3277; x_wconf 85' lang='lat' dir='ltr'>vero</span> <span class='ocrx_word' id='word_1_251' title='bbox 283 3228 347 3281; x_wconf 91' lang='lat' dir='ltr'>ab</span> <span class='ocrx_word' id='word_1_252' title='bbox 396 3228 492 3290; x_wconf 89' lang='lat' dir='ltr'>iis,</span> <span class='ocrx_word' id='word_1_253' title='bbox 545 3228 636 3295; x_wconf 90' lang='lat' dir='ltr'>qui</span> <span class='ocrx_word' id='word_1_254' title='bbox 679 3242 782 3278; x_wconf 90' lang='lat' dir='ltr'>non</span> <span class='ocrx_word' id='word_1_255' title='bbox 818 3225 1211 3287; x_wconf 84' lang='lat' dir='ltr'>dimittendum,</span> <span class='ocrx_word' id='word_1_256' title='bbox 1265 3224 1355 3277; x_wconf 87' lang='lat' dir='ltr'>sed</span> <span class='ocrx_word' id='word_1_257' title='bbox 1400 3225 1721 3294; x_wconf 89' lang='lat' dir='ltr'>puniendum</span> <span class='ocrx_word' id='word_1_258' title='bbox 1769 3225 1929 3279; x_wconf 85' lang='lat' dir='ltr'>fuisse</span> <span class='ocrx_word' id='word_1_259' title='bbox 1974 3229 2252 3296; x_wconf 87' lang='grc' dir='ltr'>Ρ11131)3111,</span> 
     </span>
    </p>
   </div>
   <div class='ocr_carea' id='block_1_13' title="bbox 96 3359 465 3376">
    <p class='ocr_par' dir='ltr' id='par_1_13' title="bbox 96 3359 465 3376">
     <span class='ocr_line' id='line_1_28' title="bbox 96 3359 465 3376; baseline 0 978"><span class='ocrx_word' id='word_1_260' title='bbox 96 3359 465 3376; x_wconf 95' lang='lat' dir='ltr'> </span> 
     </span>
    </p>
   </div>
   <div class='ocr_carea' id='block_1_14' title="bbox 221 3446 2256 3517">
    <p class='ocr_par' dir='ltr' id='par_1_14' title="bbox 221 3446 2256 3517">
     <span class='ocr_line' id='line_1_29' title="bbox 221 3446 2256 3517; baseline -0 -15"><span class='ocrx_word' id='word_1_261' title='bbox 221 3452 266 3517; x_wconf 90' lang='grc'>*)</span> <span class='ocrx_word' id='word_1_262' title='bbox 301 3450 505 3503; x_wconf 88' lang='lat' dir='ltr'>Harum</span> <span class='ocrx_word' id='word_1_263' title='bbox 544 3449 840 3502; x_wconf 86' lang='lat' dir='ltr'>orationum</span> <span class='ocrx_word' id='word_1_264' title='bbox 874 3450 1110 3517; x_wconf 89' lang='lat' dir='ltr'>quartam</span> <span class='ocrx_word' id='word_1_265' title='bbox 1145 3446 1205 3498; x_wconf 89' lang='lat' dir='ltr'><strong>E.</strong></span> <span class='ocrx_word' id='word_1_266' title='bbox 1231 3448 1294 3498; x_wconf 90' lang='lat' dir='ltr'><strong>A.</strong></span> <span class='ocrx_word' id='word_1_267' title='bbox 1319 3446 1363 3497; x_wconf 91' lang='grc' dir='ltr'>Ι.</span> <span class='ocrx_word' id='word_1_268' title='bbox 1389 3446 1680 3499; x_wconf 85' lang='grc' dir='ltr'>Α11131131113</span> <span class='ocrx_word' id='word_1_269' title='bbox 1719 3447 1973 3517; x_wconf 89' lang='lat' dir='ltr'>(Coburgi</span> <span class='ocrx_word' id='word_1_270' title='bbox 1998 3449 2154 3515; x_wconf 82' lang='lat'>1832)</span> <span class='ocrx_word' id='word_1_271' title='bbox 2195 3466 2256 3501; x_wconf 83' lang='lat' dir='ltr'>ex</span> 
     </span>
    </p>
   </div>
   <div class='ocr_carea' id='block_1_15' title="bbox 78 3516 2258 3589">
    <p class='ocr_par' dir='ltr' id='par_1_15' title="bbox 78 3516 2258 3589">
     <span class='ocr_line' id='line_1_30' title="bbox 78 3516 2258 3589; baseline 0.001 -19"><span class='ocrx_word' id='word_1_272' title='bbox 78 3530 255 3572; x_wconf 86' lang='lat' dir='ltr'>numero</span> <span class='ocrx_word' id='word_1_273' title='bbox 291 3521 753 3574; x_wconf 87' lang='lat' dir='ltr'>Ciceronianarum</span> <span class='ocrx_word' id='word_1_274' title='bbox 790 3518 1070 3571; x_wconf 89' lang='lat' dir='ltr'>tollendam</span> <span class='ocrx_word' id='word_1_275' title='bbox 1106 3534 1219 3570; x_wconf 89' lang='lat' dir='ltr'>esse</span> <span class='ocrx_word' id='word_1_276' title='bbox 1255 3517 1555 3582; x_wconf 87' lang='lat' dir='ltr'>contendit,</span> <span class='ocrx_word' id='word_1_277' title='bbox 1605 3516 1828 3571; x_wconf 87' lang='lat' dir='ltr'>Orellius</span> <span class='ocrx_word' id='word_1_278' title='bbox 1864 3521 1973 3572; x_wconf 87' lang='lat' dir='ltr'>tres</span> <span class='ocrx_word' id='word_1_279' title='bbox 2008 3520 2258 3589; x_wconf 85' lang='lat' dir='ltr'>posterio-</span> 
     </span>
    </p>
   </div>
   <div class='ocr_carea' id='block_1_16' title="bbox 30 3587 2256 3660">
    <p class='ocr_par' dir='ltr' id='par_1_16' title="bbox 30 3587 2256 3660">
     <span class='ocr_line' id='line_1_31' title="bbox 30 3587 2256 3660; baseline 0.002 -21"><span class='ocrx_word' id='word_1_280' title='bbox 30 3609 31 3622; x_wconf 53' lang='grc'>1</span> <span class='ocrx_word' id='word_1_281' title='bbox 77 3601 141 3638; x_wconf 86' lang='lat' dir='ltr'>res</span> <span class='ocrx_word' id='word_1_282' title='bbox 175 3591 235 3642; x_wconf 86' lang='lat' dir='ltr'>ab</span> <span class='ocrx_word' id='word_1_283' title='bbox 269 3592 479 3644; x_wconf 87' lang='lat' dir='ltr'>rhetore</span> <span class='ocrx_word' id='word_1_284' title='bbox 517 3592 688 3660; x_wconf 90' lang='lat' dir='ltr'>aliquo</span> <span class='ocrx_word' id='word_1_285' title='bbox 732 3589 953 3642; x_wconf 88' lang='lat' dir='ltr'>fortasse</span> <span class='ocrx_word' id='word_1_286' title='bbox 990 3588 1146 3658; x_wconf 89' lang='lat' dir='ltr'>paulo</span> <span class='ocrx_word' id='word_1_287' title='bbox 1183 3590 1307 3657; x_wconf 90' lang='lat' dir='ltr'>post</span> <span class='ocrx_word' id='word_1_288' title='bbox 1341 3587 1605 3640; x_wconf 90' lang='lat' dir='ltr'>Ciceronis</span> <span class='ocrx_word' id='word_1_289' title='bbox 1641 3589 1907 3642; x_wconf 89' lang='lat' dir='ltr'>interitum</span> <span class='ocrx_word' id='word_1_290' title='bbox 1946 3592 2256 3660; x_wconf 88' lang='lat' dir='ltr'>compositas</span> 
     </span>
    </p>
   </div>
   <div class='ocr_carea' id='block_1_17' title="bbox 76 3658 2256 3740">
    <p class='ocr_par' dir='ltr' id='par_1_17' title="bbox 76 3658 2256 3740">
     <span class='ocr_line' id='line_1_32' title="bbox 76 3658 2256 3740; baseline 0.003 -33"><span class='ocrx_word' id='word_1_291' title='bbox 76 3672 165 3710; x_wconf 84' lang='lat' dir='ltr'>esse</span> <span class='ocrx_word' id='word_1_292' title='bbox 195 3663 526 3714; x_wconf 84' lang='lat' dir='ltr'>existimavit.</span> <span class='ocrx_word' id='word_1_293' title='bbox 584 3661 817 3713; x_wconf 82' lang='lat' dir='ltr'>Tertiam</span> <span class='ocrx_word' id='word_1_294' title='bbox 843 3663 1109 3728; x_wconf 84' lang='lat' dir='ltr'>tamquam</span> <span class='ocrx_word' id='word_1_295' title='bbox 1139 3658 1485 3710; x_wconf 77' lang='lat' dir='ltr'>adulterinam</span> <span class='ocrx_word' id='word_1_296' title='bbox 1511 3658 1912 3740; x_wconf 82' lang='lat' dir='ltr'>repudiaverunt</span> <span class='ocrx_word' id='word_1_297' title='bbox 1936 3663 1995 3714; x_wconf 79' lang='lat' dir='ltr'><strong>F.</strong></span> <span class='ocrx_word' id='word_1_298' title='bbox 2021 3661 2084 3714; x_wconf 90' lang='lat' dir='ltr'><strong>A.</strong></span> <span class='ocrx_word' id='word_1_299' title='bbox 2115 3663 2256 3713; x_wconf 89' lang='lat' dir='ltr'>Wol-</span> 
     </span>
    </p>
   </div>
   <div class='ocr_carea' id='block_1_18' title="bbox 30 3723 2254 3798">
    <p class='ocr_par' dir='ltr' id='par_1_18' title="bbox 30 3723 2254 3798">
     <span class='ocr_line' id='line_1_33' title="bbox 30 3723 2254 3798; baseline 0.002 -19"><span class='ocrx_word' id='word_1_300' title='bbox 30 3723 31 3730; x_wconf 69' lang='grc'>’</span> <span class='ocrx_word' id='word_1_301' title='bbox 76 3724 158 3780; x_wconf 84' lang='lat' dir='ltr'>fius</span> <span class='ocrx_word' id='word_1_302' title='bbox 190 3734 241 3783; x_wconf 88' lang='lat' dir='ltr'>et</span> <span class='ocrx_word' id='word_1_303' title='bbox 273 3732 341 3785; x_wconf 88' lang='grc' dir='ltr'>Η.</span> <span class='ocrx_word' id='word_1_304' title='bbox 384 3733 440 3788; x_wconf 87' lang='lat' dir='ltr'><strong>C.</strong></span> <span class='ocrx_word' id='word_1_305' title='bbox 480 3733 604 3785; x_wconf 90' lang='lat' dir='ltr'>Abr.</span> <span class='ocrx_word' id='word_1_306' title='bbox 642 3731 984 3784; x_wconf 88' lang='lat' dir='ltr'>Eichstadius</span> <span class='ocrx_word' id='word_1_307' title='bbox 1024 3728 1263 3796; x_wconf 83' lang='lat' dir='ltr'>(Quaest.</span> <span class='ocrx_word' id='word_1_308' title='bbox 1291 3728 1420 3795; x_wconf 83' lang='lat' dir='ltr'>phil.</span> <span class='ocrx_word' id='word_1_309' title='bbox 1448 3732 1711 3798; x_wconf 83' lang='lat' dir='ltr'>specimen</span> <span class='ocrx_word' id='word_1_310' title='bbox 1736 3731 1836 3783; x_wconf 84' lang='lat'><strong>111.</strong></span> <span class='ocrx_word' id='word_1_311' title='bbox 1876 3732 2031 3784; x_wconf 89' lang='lat' dir='ltr'>Ienae</span> <span class='ocrx_word' id='word_1_312' title='bbox 2061 3731 2254 3797; x_wconf 79' lang='lat'><strong>1837.‚)</strong></span> 
     </span>
    </p>
   </div>
   <div class='ocr_carea' id='block_1_19' title="bbox 76 3799 2255 3930">
    <p class='ocr_par' dir='ltr' id='par_1_19' title="bbox 76 3799 2255 3930">
     <span class='ocr_line' id='line_1_34' title="bbox 76 3799 2255 3855; baseline 0.001 -6"><span class='ocrx_word' id='word_1_313' title='bbox 76 3800 326 3855; x_wconf 84' lang='lat' dir='ltr'>secundam</span> <span class='ocrx_word' id='word_1_314' title='bbox 364 3801 581 3855; x_wconf 91' lang='lat' dir='ltr'>Cludius</span> <span class='ocrx_word' id='word_1_315' title='bbox 628 3803 685 3854; x_wconf 89' lang='lat' dir='ltr'>in</span> <span class='ocrx_word' id='word_1_316' title='bbox 734 3801 913 3855; x_wconf 90' lang='lat' dir='ltr'>libello</span> <span class='ocrx_word' id='word_1_317' title='bbox 953 3800 1260 3854; x_wconf 89' lang='lat' dir='ltr'>scholastico</span> <span class='ocrx_word' id='word_1_318' title='bbox 1299 3799 1362 3851; x_wconf 89' lang='lat' dir='ltr'>de</span> <span class='ocrx_word' id='word_1_319' title='bbox 1399 3800 1671 3852; x_wconf 88' lang='lat' dir='ltr'>authentia</span> <span class='ocrx_word' id='word_1_320' title='bbox 1711 3802 1967 3855; x_wconf 86' lang='lat' dir='ltr'>secundae</span> <span class='ocrx_word' id='word_1_321' title='bbox 2002 3802 2255 3854; x_wconf 89' lang='lat' dir='ltr'>orationis</span> 
     </span>
     <span class='ocr_line' id='line_1_35' title="bbox 77 3865 1735 3930; baseline 0.004 -12"><span class='ocrx_word' id='word_1_322' title='bbox 77 3865 391 3925; x_wconf 85' lang='lat' dir='ltr'>Catilinariae</span> <span class='ocrx_word' id='word_1_323' title='bbox 429 3890 475 3927; x_wconf 90' lang='lat' dir='ltr'>a.</span> <span class='ocrx_word' id='word_1_324' title='bbox 516 3872 666 3930; x_wconf 83' lang='lat'><strong>1826.</strong></span> <span class='ocrx_word' id='word_1_325' title='bbox 705 3872 859 3926; x_wconf 89' lang='lat' dir='ltr'>edito.</span> <span class='ocrx_word' id='word_1_326' title='bbox 933 3872 1054 3926; x_wconf 86' lang='lat' dir='ltr'>Sine</span> <span class='ocrx_word' id='word_1_327' title='bbox 1089 3870 1291 3924; x_wconf 90' lang='lat' dir='ltr'>idoneis</span> <span class='ocrx_word' id='word_1_328' title='bbox 1329 3871 1501 3922; x_wconf 89' lang='lat' dir='ltr'>causis</span> <span class='ocrx_word' id='word_1_329' title='bbox 1539 3887 1735 3925; x_wconf 88' lang='lat' dir='ltr'>omnes.</span> 
     </span>
    </p>
   </div>
   <div class='ocr_carea' id='block_1_20' title="bbox 1731 3958 1820 4021">
    <p class='ocr_par' dir='ltr' id='par_1_20' title="bbox 1731 3958 1820 4021">
     <span class='ocr_line' id='line_1_36' title="bbox 1731 3958 1820 4021; baseline 0 -29"><span class='ocrx_word' id='word_1_330' title='bbox 1731 3958 1820 4021; x_wconf 58' lang='lat'>55&lt;-</span> 
     </span>
    </p>
   </div>
  </div>
 </body>
</html>
