2669 4354
937 249 1052 290 Pno
1091 250 1141 289 P.
1188 250 1407 291 sns'rm.
2147 237 2271 296 225

102 423 332 494 populum
372 426 677 480 vocassent
700 415 782 501 1),
839 423 939 494 qui
983 439 1059 481 ne
1103 423 1318 480 vestitu
1362 422 1593 495 quidem
1640 422 1873 482 defendi
1917 441 2042 483 rem
2086 426 2275 498 publi-

101 526 198 566 cam
249 512 485 569 sissent:
546 526 582 567 a
625 511 856 567 tribuno
903 509 1089 582 plebis
1140 515 1272 582 post
1316 510 1615 568 interitum
1673 527 1865 568 meum
1890 505 1942 590 2)
2003 512 2273 573 dissedis-

99 603 220 671 sent,
279 599 377 670 qui
436 597 683 655 eandem
736 598 940 656 horam
999 613 1163 656 meae
1227 599 1409 669 pestis
1471 602 1532 655 et
1590 615 1823 656 suorum
1883 603 2270 672 praemiorum

98 702 198 744 esse
234 687 564 744 voluissent.

238 773 424 832 Unum
472 775 645 831 etiam
665 766 718 852 ³)
761 773 904 830 mihi
942 774 1203 830 restabat
1245 773 1416 844 illud,
1467 773 1621 845 quod
1657 772 1901 849 forsitan
1939 793 2055 834 non
2099 794 2270 835 nemo
2290 777 2383 844 20

95 860 165 917 vir
198 860 355 919 fortis
404 865 464 918 et
509 862 657 918 acris
690 861 868 918 animi
910 862 1216 933 magnique
1259 861 1496 918 dixerit:
1543 862 1907 935 ‘restitisse8,
1952 880 2271 937 repugnas·
2289 873 2370 929 45

94 963 187 1021 ses,
251 955 497 1007 mortem
560 965 823 1021 pugnans
885 944 1251 1020 oppetisses’.
1374 948 1464 1006 De
1521 966 1631 1021 quo
1687 953 1777 1022 te,
1852 955 1940 1025 te,
2013 954 2269 1027 inquam,

89 1040 277 1110 patria,
350 1042 536 1095 testor
606 1040 667 1094 et
739 1052 867 1111 VOS,
941 1040 1182 1107 penates
1250 1036 1540 1109 patriique
1607 1037 1730 1110 dei,
1804 1054 1897 1096 me
1949 1045 2268 1098 vestrarum

89 1124 258 1181 sedum
303 1125 761 1196 templorumque
798 1140 999 1198 causa,
1043 1140 1137 1181 me
1181 1129 1423 1196 propter
1454 1123 1698 1182 salutem
1742 1141 2004 1184 meorum
2042 1128 2268 1203 civium,

89 1228 211 1282 quae
258 1213 400 1270 mihi
453 1228 683 1283 semper
726 1210 835 1268 fuit
893 1227 1025 1269 mea
1069 1212 1257 1269 carior
1314 1212 1463 1284 vita,
1521 1212 1946 1271 dimicationem
2005 1216 2270 1273 caedem-

88 1315 179 1369 que
221 1299 453 1373 fugisse.
557 1299 792 1357 Etenim
853 1300 903 1356 si
959 1299 1100 1356 mihi
1158 1300 1221 1357 in
1279 1300 1473 1371 aliqua
1516 1316 1664 1358 nave
1709 1318 1837 1358 cum
1880 1302 2025 1360 meis
2071 1305 2269 1362 amicis

88 1388 352 1461 naviganti
397 1387 539 1462 hoc,
581 1387 801 1445 iudices
820 1432 836 1460 ,
874 1387 1213 1462 accidisset,
1259 1392 1326 1444 ut
1368 1387 1534 1445 multi
1566 1405 1636 1444 ex
1676 1389 1870 1446 multis
1914 1389 2057 1448 locis
2099 1407 2268 1463 prae-

85 1474 236 1532 dones
279 1476 560 1534 classibus
622 1492 752 1533 eam
802 1490 1011 1533 navem
1067 1491 1130 1533 se
1197 1491 1576 1547 oppressuros
1645 1476 2081 1552 minitarentur,
2155 1480 2269 1536 nisi

14 1519 25 1658 ἱ
85 1579 160 1620 me
201 1581 372 1621 unum
429 1561 542 1621 sibi
605 1562 990 1637 dedidissent,
1056 1564 1106 1620 si
1148 1562 1209 1620 id
1252 1568 1515 1621 vectores
1581 1569 1867 1634 negarent
1933 1581 2002 1622 ac
2044 1581 2268 1624 mecum

14 1663 27 1704 r
85 1650 229 1707 simul
269 1652 513 1709 interire
560 1667 731 1724 quam
779 1668 871 1708 me
918 1649 1152 1709 tradere
1198 1650 1462 1708 hostibus
1500 1651 1771 1723 mallent,
1829 1653 2096 1711 iecissem
2139 1655 2266 1727 ipse

16 1711 25 1816 ξ
84 1754 158 1794 me
198 1740 387 1811 potius
432 1740 495 1796 in
538 1737 913 1813 profundum,
978 1744 1043 1796 ut
1105 1744 1333 1797 ceteros
1399 1755 1835 1812 conservarem,
1909 1756 2078 1812 quam
2135 1743 2267 1800 illos

83 1827 178 1884 mei
216 1833 333 1885 tam
377 1827 614 1900 cupidos
659 1843 774 1884 non
818 1827 987 1884 modo
1034 1826 1108 1884 ad
1153 1831 1374 1884 certam
1415 1833 1659 1884 mortem
1678 1871 1694 1901 ,
1745 1826 1850 1885 sed
1892 1829 1955 1884 in
1997 1844 2265 1901 magnum

16 1891 29 1982 l
82 1914 212 1971 vitae
269 1915 584 1973 discrimen
643 1914 1011 1973 adducerem.
1128 1913 1271 1972 Cum
1329 1931 1468 1972 vero
1527 1915 1590 1972 in
1647 1914 1798 1972 hanc
1850 1915 1939 1972 rei
1996 1916 2263 1988 publicae
2284 1927 2365 1982 46

16 1985 25 2082 ξ
82 2018 290 2076 navem,
362 2005 580 2075 ereptis
626 2003 856 2060 senatui
914 2002 1317 2076 gubernaculis
1378 2000 1702 2061 fluitantem
1754 2004 1817 2060 in
1873 2003 1991 2062 alto
2042 2008 2263 2077 tempe-

16 2115 23 2168 ς
82 2090 297 2148 statibus
357 2091 707 2149 seditionum
759 2107 828 2148 ac
874 2090 1321 2162 discordiarum,
1386 2095 1642 2148 armatae
1707 2096 1792 2148 tot
1852 2092 2091 2166 classes,
2149 2094 2263 2152 nisi

83 2195 168 2250 ego
228 2195 418 2239 essem
479 2196 628 2237 unus
690 2177 948 2252 dedituS,
1009 2180 1348 2236 incursurae
1408 2177 1771 2254 viderentur,
1827 2196 1957 2238 cum
2014 2183 2264 2253 proscri-

14 2256 19 2267 ’
82 2267 202 2340 ptio,
264 2268 479 2326 caedes
496 2313 512 2341 ,
587 2266 836 2339 direptio
898 2265 1376 2341 denuntiaretur,
1444 2283 1572 2324 cum
1627 2268 1728 2324 alii
1784 2284 1878 2326 me
1939 2269 2261 2340 suspicione

14 2380 19 2393 ν
80 2357 298 2424 periculi
351 2355 444 2413 sui
499 2372 614 2414 non
658 2354 1070 2426 defenderent,
1135 2355 1236 2412 alii
1278 2359 1481 2412 vetere
1526 2355 1658 2412 odio
1717 2356 1997 2415 bonorum
2058 2358 2265 2416 incita-

79 2449 282 2519 rentur,
348 2444 452 2501 alii
496 2443 638 2501 mihi
660 2438 714 2519 4)
758 2442 1090 2500 inviderent
1104 2487 1120 2517 ,
1182 2442 1284 2500 alii
1328 2442 1560 2500 obstare
1616 2444 1727 2501 sibi
1769 2460 1862 2501 me
1907 2444 2263 2503 arbitraren-

12 2532 21 2577 ἱ
80 2534 177 2604 tur,
231 2533 335 2590 alii
380 2532 583 2589 ulcisci
628 2530 886 2589 dolorem
941 2531 1190 2603 aliquem
1246 2547 1414 2588 suum
1456 2531 1705 2604 vellent,
1768 2532 1868 2590 alii
1910 2548 2033 2589 rem
2077 2535 2259 2605 ipsam

78 2620 337 2687 publicam
384 2625 561 2691 atque
605 2619 758 2676 hunc
802 2619 1081 2678 bonorum
1139 2623 1353 2676 statum
1399 2619 1690 2691 otiumque
1737 2619 2021 2692 odissent,
2083 2625 2144 2678 et
2188 2623 2262 2680 ob

14 2706 19 2715 '
78 2705 224 2766 hasce
271 2722 481 2766 causas
520 2711 607 2764 tot
645 2711 877 2779 tamque
922 2706 1140 2778 varias,
1195 2722 1288 2763 me
1331 2723 1507 2763 unum
1553 2707 1747 2763 cuncti
1766 2701 1818 2785 5)
1863 2706 2263 2782 deposcerent,

77 2793 450 2869 depugnarem
495 2796 685 2867 potius
736 2812 867 2852 cum
922 2810 1138 2852 summo
1189 2809 1305 2852 non
1352 2792 1540 2851 dicam
1595 2794 1800 2867 exitio,
1850 2794 1955 2852 sed
2004 2796 2264 2867 periculo

77 2890 212 2942 certe
257 2888 455 2942 vestro
500 2883 924 2955 liberorumque
969 2888 1321 2954 vestrorum,
1379 2896 1548 2954 quam
1596 2881 1657 2939 id
1675 2875 1754 2960 ⁶),
1814 2882 1965 2953 quod
2003 2884 2265 2942 omnibus

74 2970 459 3045 impendebat,
503 2988 649 3029 unus
694 2988 800 3043 pro
843 2970 1106 3029 omnibus
1152 2970 1505 3042 susciperem
1550 2985 1620 3026 ac
1670 2969 1962 3027 subirem?

220 3061 374 3118 Victi
440 3064 637 3117 essent
680 3059 926 3130 improbi
949 3052 1018 3137 ⁷).
1068 3089 1152 3098 —-
1239 3058 1320 3115 At
1361 3057 1546 3130 civeS,
1605 3063 1666 3115 at
1706 3058 1906 3132 armis,
1966 3063 2028 3116 at
2072 3060 2145 3117 ab
2195 3076 2265 3117 eo
2284 3067 2370 3133 21

72 3149 274 3215 privato
296 3143 379 3228 ⁸),
439 3147 539 3220 qui
592 3148 720 3205 sine
782 3147 958 3204 armis
1005 3146 1181 3204 etiam
1237 3145 1439 3203 consul
1494 3162 1619 3203 rem
1683 3146 1973 3217 publicam
2033 3163 2266 3205 conser-
2285 3162 2367 3218 47

191 3317 244 3382 1)
302 3318 587 3369 vocassent
635 3312 878 3377 Ernesti;
943 3311 1087 3366 codd.
1143 3316 1398 3365 vocarent
1405 3330 1426 3372 ;
1484 3311 1747 3378 populum
1806 3327 1905 3364 nos
1956 3310 2267 3366 adiecimuS.

74 3382 209 3438 Halm
244 3385 600 3447 concitasset,
648 3382 926 3437 Eberhard
962 3383 1137 3450 priore
1174 3383 1210 3437 l.
1249 3387 1526 3435 vocassent
1563 3381 1715 3434 uncis
1749 3380 1871 3435 incl.
2086 3382 2140 3447 2)
2180 3382 2268 3436 Sic

75 3453 138 3506 ed.
171 3457 425 3520 Ascens,
474 3470 651 3507 meum
691 3455 844 3507 deest
893 3453 951 3506 in
998 3453 1181 3516 libris,
1237 3470 1340 3506 om.
1380 3452 1558 3505 Halm.
1773 3452 1827 3517 3)
1866 3451 2029 3503 etiam
2072 3452 2265 3517 Halm;

75 3525 201 3580 codd.
239 3527 418 3590 emi-m,
471 3525 612 3594 quod
649 3524 796 3578 delet
830 3524 983 3578 Paul.
1229 3522 1286 3590 4)
1333 3522 1472 3575 mihi
1511 3537 1610 3574 nos
1649 3521 1831 3575 addid.
1881 3521 1983 3575 alii
2027 3521 2266 3575 invidere

75 3593 264 3651 Probst.
484 3598 539 3662 5)
583 3595 765 3649 cuncti
812 3594 936 3647 add.
973 3594 1137 3647 Hertz
1186 3594 1222 3650 l.
1266 3609 1310 3647 c.
1348 3610 1400 3660 p.
1426 3592 1523 3658 48,
1577 3607 1756 3644 omnes
1794 3593 1984 3658 Halm,
2029 3591 2268 3659 midique

76 3662 343 3722 Eberhard.
562 3667 617 3733 6)
664 3664 832 3719 Codd.
868 3680 1036 3731 quam
1069 3680 1182 3717 non
1217 3663 1307 3730 id;
1345 3665 1676 3731 negationem
1713 3662 1920 3716 Gesner
1956 3666 2011 3715 et
2046 3662 2268 3731 Madvig

76 3735 385 3792 deleverunt.
603 3739 656 3802 7)
705 3736 907 3802 Verba,
966 3751 1098 3804 quae
1134 3735 1392 3803 leguntur
1441 3749 1474 3786 a
1518 3750 1631 3799 cap.
1671 3732 1754 3785 21.
1805 3734 1958 3786 initio
1995 3748 2163 3801 usque
2198 3733 2267 3787 ad

77 3809 241 3874 eapitis
282 3810 365 3862 24.
413 3808 587 3876 prima
633 3808 823 3875 verba,
872 3806 1053 3859 chriae
1091 3823 1122 3858 a
1157 3805 1508 3858 Ciceroniano
1550 3803 1725 3871 aliquo
1767 3803 2091 3871 compositae
2141 3820 2265 3871 pars

77 3876 304 3932 videntur
350 3880 524 3932 Bauio
572 3878 658 3937 ΙΙ,
704 3896 755 3946 p.
793 3876 910 3929 225.
1159 3876 1216 3943 8)
1265 3881 1325 3928 at
1376 3874 1545 3927 armis
1594 3874 1714 3927 add.
1762 3874 2027 3938 Heraeus;
2087 3878 2147 3925 at
2195 3873 2263 3925 ab
